ts_ny,yes_bid,yes_ask,yes_bid_depth,yes_ask_depth,no_bid,no_ask,no_bid_depth,no_ask_depth
2026-01-02T19:00:02.976487-05:00,0.48,0.5,470.28,2131.25,0.5,0.52,2131.25,470.28
2026-01-02T19:00:03.965909-05:00,0.45,0.47,2291.65,4425.75,0.53,0.55,4425.75,2291.65
2026-01-02T19:00:04.989945-05:00,0.47,0.48,2577.7,3304.28,0.52,0.53,3304.28,2577.7
2026-01-02T19:00:05.986030-05:00,0.48,0.49,2617.45,3855.28,0.51,0.52,3855.28,2617.45
2026-01-02T19:00:07.027422-05:00,0.49,0.5,2397.12,4348.35,0.5,0.51,4348.35,2397.12
2026-01-02T19:00:08.084072-05:00,0.49,0.5,2180.2,4572.5,0.5,0.51,4572.5,2180.2
2026-01-02T19:00:09.085954-05:00,0.48,0.5,3695.62,4106.88,0.5,0.52,4106.88,3695.62
2026-01-02T19:00:10.137563-05:00,0.5,0.51,3799.16,3645.6,0.49,0.5,3645.6,3799.16
2026-01-02T19:00:11.152444-05:00,0.5,0.51,4278.51,3775.32,0.49,0.5,3775.32,4278.51
2026-01-02T19:00:12.184800-05:00,0.51,0.52,4239.07,3763.7799999999997,0.48,0.49,3763.7799999999997,4239.07
2026-01-02T19:00:13.223868-05:00,0.51,0.53,3872.21,3708.37,0.47,0.49,3708.37,3872.21
2026-01-02T19:00:14.231430-05:00,0.51,0.53,3498.85,4105.18,0.47,0.49,4105.18,3498.85
2026-01-02T19:00:15.229498-05:00,0.51,0.53,3763.17,3883.18,0.47,0.49,3883.18,3763.17
2026-01-02T19:00:16.229825-05:00,0.51,0.52,3748.48,3787.29,0.48,0.49,3787.29,3748.48
2026-01-02T19:00:17.229046-05:00,0.54,0.55,4744.44,2551.9700000000003,0.45,0.46,2551.9700000000003,4744.44
2026-01-02T19:00:18.229998-05:00,0.55,0.56,4105.5,3653.54,0.44,0.45,3653.54,4105.5
2026-01-02T19:00:19.246634-05:00,0.52,0.55,4439.02,2900.05,0.45,0.48,2900.05,4439.02
2026-01-02T19:00:20.300773-05:00,0.52,0.54,4173.54,3039.82,0.46,0.48,3039.82,4173.54
2026-01-02T19:00:21.293706-05:00,0.53,0.54,3992.1,3294.03,0.46,0.47,3294.03,3992.1
2026-01-02T19:00:22.296496-05:00,0.53,0.54,4117.1,3278.27,0.46,0.47,3278.27,4117.1
2026-01-02T19:00:23.340039-05:00,0.53,0.54,3881.38,3037.65,0.46,0.47,3037.65,3881.38
2026-01-02T19:00:24.376049-05:00,0.53,0.54,2988.38,4227.16,0.46,0.47,4227.16,2988.38
2026-01-02T19:00:25.395301-05:00,0.54,0.55,2760.48,4839.0199999999995,0.45,0.46,4839.0199999999995,2760.48
2026-01-02T19:00:26.385453-05:00,0.53,0.55,3390.66,4848.0199999999995,0.45,0.47,4848.0199999999995,3390.66
2026-01-02T19:00:27.391781-05:00,0.54,0.55,1893.8700000000001,4751.12,0.45,0.46,4751.12,1893.8700000000001
2026-01-02T19:00:28.396681-05:00,0.48,0.49,2748.87,3873.68,0.51,0.52,3873.68,2748.87
2026-01-02T19:00:29.408424-05:00,0.48,0.49,3083.77,4025.2999999999997,0.51,0.52,4025.2999999999997,3083.77
2026-01-02T19:00:30.418372-05:00,0.49,0.5,2759.49,3853.58,0.5,0.51,3853.58,2759.49
2026-01-02T19:00:31.537818-05:00,0.5,0.51,4044.7599999999998,3258.42,0.49,0.5,3258.42,4044.7599999999998
2026-01-02T19:00:32.527579-05:00,0.5,0.51,3901.5299999999997,3113.42,0.49,0.5,3113.42,3901.5299999999997
2026-01-02T19:00:33.639440-05:00,0.5,0.51,3910.5299999999997,3126.74,0.49,0.5,3126.74,3910.5299999999997
2026-01-02T19:00:34.639997-05:00,0.5,0.51,4132.73,3250.18,0.49,0.5,3250.18,4132.73
2026-01-02T19:00:35.655835-05:00,0.51,0.52,4636.62,3472.42,0.48,0.49,3472.42,4636.62
2026-01-02T19:00:36.655391-05:00,0.51,0.52,4682.8,3284.74,0.48,0.49,3284.74,4682.8
2026-01-02T19:00:37.658047-05:00,0.51,0.52,4636.51,3286.25,0.48,0.49,3286.25,4636.51
2026-01-02T19:00:38.757931-05:00,0.51,0.52,4590.75,3367.85,0.48,0.49,3367.85,4590.75
2026-01-02T19:00:39.770222-05:00,0.51,0.52,4703.08,3435.98,0.48,0.49,3435.98,4703.08
2026-01-02T19:00:40.762014-05:00,0.5,0.52,3875.59,4365.3099999999995,0.48,0.5,4365.3099999999995,3875.59
2026-01-02T19:00:41.802545-05:00,0.51,0.52,3459.54,4412.24,0.48,0.49,4412.24,3459.54
2026-01-02T19:00:42.797001-05:00,0.51,0.52,3459.54,4412.24,0.48,0.49,4412.24,3459.54
2026-01-02T19:00:43.832891-05:00,0.51,0.53,3646.82,4845.48,0.47,0.49,4845.48,3646.82
2026-01-02T19:00:44.831050-05:00,0.53,0.54,4438.36,3516.22,0.46,0.47,3516.22,4438.36
2026-01-02T19:00:45.822889-05:00,0.55,0.56,3131.34,4742.84,0.44,0.45,4742.84,3131.34
2026-01-02T19:00:47.132868-05:00,0.55,0.56,4048.07,4233.87,0.44,0.45,4233.87,4048.07
2026-01-02T19:00:48.131420-05:00,0.55,0.56,4070.2000000000003,3931.51,0.44,0.45,3931.51,4070.2000000000003
2026-01-02T19:00:49.186551-05:00,0.55,0.56,4070.4900000000002,3919.63,0.44,0.45,3919.63,4070.4900000000002
2026-01-02T19:00:50.183483-05:00,0.55,0.56,4203.85,3929.96,0.44,0.45,3929.96,4203.85
2026-01-02T19:00:51.207986-05:00,0.55,0.56,4112.02,3882.67,0.44,0.45,3882.67,4112.02
2026-01-02T19:00:52.197933-05:00,0.56,0.57,3760.39,4094.65,0.43,0.44,4094.65,3760.39
2026-01-02T19:00:53.208391-05:00,0.55,0.56,3650.1,4332.86,0.44,0.45,4332.86,3650.1
2026-01-02T19:00:54.198737-05:00,0.55,0.57,3912.92,4602.68,0.43,0.45,4602.68,3912.92
2026-01-02T19:00:55.218460-05:00,0.55,0.56,3157.57,4828.89,0.44,0.45,4828.89,3157.57
2026-01-02T19:00:56.352919-05:00,0.55,0.56,3165.83,4873.36,0.44,0.45,4873.36,3165.83
2026-01-02T19:00:57.422099-05:00,0.54,0.55,3511.27,4491.88,0.45,0.46,4491.88,3511.27
2026-01-02T19:00:58.422144-05:00,0.54,0.55,3538.28,4432.87,0.45,0.46,4432.87,3538.28
2026-01-02T19:00:59.417368-05:00,0.54,0.56,3571.48,4952.44,0.44,0.46,4952.44,3571.48
2026-01-02T19:01:00.440720-05:00,0.55,0.56,3209.4900000000002,5051.65,0.44,0.45,5051.65,3209.4900000000002
2026-01-02T19:01:01.460657-05:00,0.55,0.56,3209.4900000000002,5051.65,0.44,0.45,5051.65,3209.4900000000002
2026-01-02T19:01:02.452750-05:00,0.55,0.56,3828.51,4571.84,0.44,0.45,4571.84,3828.51
2026-01-02T19:01:03.454046-05:00,0.55,0.56,3817.37,4615.54,0.44,0.45,4615.54,3817.37
2026-01-02T19:01:04.453243-05:00,0.55,0.58,3641.4,4270.12,0.42,0.45,4270.12,3641.4
2026-01-02T19:01:05.449536-05:00,0.57,0.58,2810.27,4930.03,0.42,0.43,4930.03,2810.27
2026-01-02T19:01:06.481423-05:00,0.56,0.57,3223.2,3857.09,0.43,0.44,3857.09,3223.2
2026-01-02T19:01:07.527347-05:00,0.56,0.58,3320.46,4992.22,0.42,0.44,4992.22,3320.46
2026-01-02T19:01:08.581161-05:00,0.56,0.58,3412.7,4871.22,0.42,0.44,4871.22,3412.7
2026-01-02T19:01:09.625079-05:00,0.55,0.56,3846.08,3624.57,0.44,0.45,3624.57,3846.08
2026-01-02T19:01:10.637025-05:00,0.56,0.57,3543.31,3656.5,0.43,0.44,3656.5,3543.31
2026-01-02T19:01:11.707826-05:00,0.56,0.57,3872.93,3351.0299999999997,0.43,0.44,3351.0299999999997,3872.93
2026-01-02T19:01:12.716033-05:00,0.57,0.58,3631.12,4467.2,0.42,0.43,4467.2,3631.12
2026-01-02T19:01:13.720329-05:00,0.59,0.6,2888.59,3790.03,0.4,0.41,3820.03,2848.59
2026-01-02T19:01:14.715721-05:00,0.58,0.59,2837.84,3623.44,0.41,0.42,3623.44,2837.84
2026-01-02T19:01:15.714073-05:00,0.58,0.59,3197.0499999999997,3935.84,0.41,0.42,3935.84,3197.0499999999997
2026-01-02T19:01:16.715565-05:00,0.58,0.59,3207.61,3843.57,0.41,0.42,3843.57,3207.61
2026-01-02T19:01:17.719765-05:00,0.58,0.6,3352.9900000000002,4095.83,0.4,0.42,4095.83,3352.9900000000002
2026-01-02T19:01:18.717469-05:00,0.58,0.6,3352.9900000000002,4095.83,0.4,0.42,4095.83,3352.9900000000002
2026-01-02T19:01:19.738146-05:00,0.61,0.62,3675.72,4132.2,0.38,0.39,4132.2,3675.72
2026-01-02T19:01:20.755437-05:00,0.6,0.62,4210.75,4206.2,0.38,0.4,4206.2,4210.75
2026-01-02T19:01:21.768222-05:00,0.59,0.62,4135.86,4129.56,0.38,0.41,4129.56,4135.86
2026-01-02T19:01:22.937817-05:00,0.59,0.62,4249.51,4562.49,0.38,0.41,4562.49,4249.51
2026-01-02T19:01:23.984443-05:00,0.61,0.63,4653.5,4081.31,0.37,0.39,4081.31,4653.5
2026-01-02T19:01:25.002731-05:00,0.62,0.64,3948.16,4563.74,0.36,0.38,4563.74,3948.16
2026-01-02T19:01:25.997910-05:00,0.61,0.62,4076.31,4443.55,0.38,0.39,4443.55,4076.31
2026-01-02T19:01:27.008519-05:00,0.59,0.61,3052.22,5194.05,0.39,0.41,5194.05,3052.22
2026-01-02T19:01:27.995335-05:00,0.59,0.6,2981.2,4733.83,0.4,0.41,4733.83,2981.2
2026-01-02T19:01:29.000751-05:00,0.59,0.62,3130.79,5129.39,0.38,0.41,5129.39,3130.79
2026-01-02T19:01:29.995659-05:00,0.59,0.61,3224.79,4903.67,0.39,0.41,4903.67,3224.79
2026-01-02T19:01:30.999868-05:00,0.6,0.61,2800.21,4920.67,0.39,0.4,4920.67,2800.21
2026-01-02T19:01:32.025089-05:00,0.59,0.61,3414.45,5609.26,0.39,0.41,5609.26,3414.45
2026-01-02T19:01:33.178046-05:00,0.6,0.61,3084.99,5769.04,0.39,0.4,5769.04,3084.99
2026-01-02T19:01:34.195379-05:00,0.6,0.61,3098.99,5717.07,0.39,0.4,5717.07,3098.99
2026-01-02T19:01:35.186333-05:00,0.6,0.61,3179.49,5753.72,0.39,0.4,5753.72,3179.49
2026-01-02T19:01:36.186349-05:00,0.6,0.61,3122.46,5753.88,0.39,0.4,5753.88,3122.46
2026-01-02T19:01:37.187761-05:00,0.6,0.61,3043.2799999999997,5734.89,0.39,0.4,5734.89,3043.2799999999997
2026-01-02T19:01:38.190527-05:00,0.6,0.61,3166.77,5756.03,0.39,0.4,5756.03,3166.77
2026-01-02T19:01:39.184209-05:00,0.6,0.61,3162.3,5765.22,0.39,0.4,5765.22,3162.3
2026-01-02T19:01:40.234662-05:00,0.6,0.61,3752.31,5580.77,0.39,0.4,5580.77,3752.31
2026-01-02T19:01:41.237615-05:00,0.59,0.6,4149.69,4661.01,0.4,0.41,4661.01,4149.69
2026-01-02T19:01:42.394150-05:00,0.59,0.6,4158.16,4607.91,0.4,0.41,4607.91,4158.16
2026-01-02T19:01:43.398024-05:00,0.59,0.61,4185.69,5442.14,0.39,0.41,5442.14,4185.69
2026-01-02T19:01:44.646383-05:00,0.59,0.6,4203.08,4689.18,0.4,0.41,4689.18,4203.08
2026-01-02T19:01:45.640323-05:00,0.6,0.62,3653.45,5876.4400000000005,0.38,0.4,5876.4400000000005,3653.45
2026-01-02T19:01:46.666162-05:00,0.6,0.61,3665.32,5421.29,0.39,0.4,5421.29,3665.32
2026-01-02T19:01:47.804632-05:00,0.61,0.62,3521.76,5902.16,0.38,0.39,5902.16,3521.76
2026-01-02T19:01:48.795195-05:00,0.61,0.62,3292.78,5806.21,0.38,0.39,5806.21,3292.78
2026-01-02T19:01:49.802375-05:00,0.6,0.62,3788.49,5789.37,0.38,0.4,5789.37,3788.49
2026-01-02T19:01:50.858630-05:00,0.6,0.62,3896.91,5831.81,0.38,0.4,5831.81,3896.91
2026-01-02T19:01:51.858268-05:00,0.61,0.62,3641.85,4761.66,0.38,0.39,4761.66,3641.85
2026-01-02T19:01:52.860178-05:00,0.61,0.63,3615.95,5362.54,0.37,0.39,5362.54,3615.95
2026-01-02T19:01:53.862295-05:00,0.61,0.63,3615.95,5362.54,0.37,0.39,5362.54,3615.95
2026-01-02T19:01:54.955694-05:00,0.61,0.62,3449.06,4934.6900000000005,0.38,0.39,4934.6900000000005,3449.06
2026-01-02T19:01:55.966882-05:00,0.61,0.62,3475.96,4951.4400000000005,0.38,0.39,4951.4400000000005,3475.96
2026-01-02T19:01:56.973517-05:00,0.61,0.62,3516.18,4896.82,0.38,0.39,4896.82,3516.18
2026-01-02T19:01:57.985217-05:00,0.62,0.63,3531.49,5300.54,0.37,0.38,5300.54,3531.49
2026-01-02T19:01:58.985566-05:00,0.62,0.63,3617.65,5442.04,0.37,0.38,5442.04,3617.65
2026-01-02T19:01:59.996188-05:00,0.62,0.63,3741.45,5458.14,0.37,0.38,5458.14,3741.45
2026-01-02T19:02:01.144136-05:00,0.62,0.63,3414.82,5020.55,0.37,0.38,5020.55,3414.82
2026-01-02T19:02:02.168856-05:00,0.61,0.63,4071.56,5198.31,0.37,0.39,5198.31,4071.56
2026-01-02T19:02:03.191862-05:00,0.61,0.62,4180.63,4728.78,0.38,0.39,4728.78,4180.63
2026-01-02T19:02:04.216756-05:00,0.61,0.63,4318.59,5154.84,0.37,0.39,5154.84,4318.59
2026-01-02T19:02:05.268934-05:00,0.62,0.63,4017.4,5200.25,0.37,0.38,5200.25,4017.4
2026-01-02T19:02:06.260593-05:00,0.63,0.64,3631.69,5674.14,0.36,0.37,5674.14,3631.69
2026-01-02T19:02:07.278965-05:00,0.63,0.64,3651.36,5759.4400000000005,0.36,0.37,5759.4400000000005,3651.36
2026-01-02T19:02:08.311181-05:00,0.62,0.64,3971.54,5652.77,0.36,0.38,5652.77,3971.54
2026-01-02T19:02:09.313495-05:00,0.61,0.63,4251.55,5234.74,0.37,0.39,5234.74,4251.55
2026-01-02T19:02:10.307640-05:00,0.61,0.62,4127.21,4941.09,0.38,0.39,4941.09,4127.21
2026-01-02T19:02:11.310231-05:00,0.61,0.62,4153.92,4990.11,0.38,0.39,4990.11,4153.92
2026-01-02T19:02:12.316742-05:00,0.61,0.62,4265.09,4971.04,0.38,0.39,4971.04,4265.09
2026-01-02T19:02:13.366013-05:00,0.62,0.63,4096.84,5280.85,0.37,0.38,5280.85,4096.84
2026-01-02T19:02:14.374198-05:00,0.62,0.63,3659.07,5546.61,0.37,0.38,5546.61,3659.07
2026-01-02T19:02:15.371781-05:00,0.61,0.64,4069.05,5929.27,0.36,0.39,5937.27,3984.93
2026-01-02T19:02:16.384140-05:00,0.62,0.63,3577.73,5562.77,0.37,0.38,5562.77,3577.73
2026-01-02T19:02:17.376119-05:00,0.62,0.64,3697.9,6032.09,0.36,0.38,6032.09,3697.9
2026-01-02T19:02:18.386508-05:00,0.63,0.64,3254.81,6089.41,0.36,0.37,6089.41,3254.81
2026-01-02T19:02:19.414989-05:00,0.63,0.64,3345.8,6073.9400000000005,0.36,0.37,6073.9400000000005,3345.8
2026-01-02T19:02:20.433853-05:00,0.63,0.64,3466.37,6050.74,0.36,0.37,6050.74,3466.37
2026-01-02T19:02:21.450948-05:00,0.63,0.64,3471.37,6055.42,0.36,0.37,6055.42,3471.37
2026-01-02T19:02:22.484213-05:00,0.64,0.65,3401.2,6195.01,0.35,0.36,6195.01,3401.2
2026-01-02T19:02:23.493424-05:00,0.63,0.64,3383.29,5927.5,0.36,0.37,5927.5,3383.29
2026-01-02T19:02:24.496281-05:00,0.64,0.65,3320.08,5973.24,0.35,0.36,5973.24,3320.08
2026-01-02T19:02:25.519511-05:00,0.63,0.65,3464.17,6109.04,0.35,0.37,6109.04,3464.17
2026-01-02T19:02:26.518043-05:00,0.63,0.65,3418.84,6094.5199999999995,0.35,0.37,6094.5199999999995,3418.84
2026-01-02T19:02:27.518864-05:00,0.63,0.64,3633.2400000000002,5314.63,0.36,0.37,5314.63,3633.2400000000002
2026-01-02T19:02:28.513982-05:00,0.63,0.64,3744.58,5531.65,0.36,0.37,5531.65,3744.58
2026-01-02T19:02:29.522166-05:00,0.66,0.67,4891.099999999999,2930.32,0.33,0.34,2930.32,4891.099999999999
2026-01-02T19:02:30.518053-05:00,0.67,0.68,3401.58,4292.22,0.32,0.33,4292.22,3401.58
2026-01-02T19:02:31.518751-05:00,0.66,0.67,3691.64,3963.02,0.33,0.34,3963.02,3691.64
2026-01-02T19:02:32.512453-05:00,0.65,0.68,3491.17,4231.01,0.32,0.35,4231.01,3491.17
2026-01-02T19:02:33.520741-05:00,0.63,0.64,2698.65,3371.9700000000003,0.36,0.37,3371.9700000000003,2698.65
2026-01-02T19:02:34.517171-05:00,0.63,0.65,3055.75,3867.41,0.35,0.37,3867.41,3055.75
2026-01-02T19:02:35.517105-05:00,0.63,0.64,3180.48,3639.61,0.36,0.37,3639.61,3180.48
2026-01-02T19:02:36.521732-05:00,0.63,0.64,3456.48,4040.04,0.36,0.37,4040.04,3456.48
2026-01-02T19:02:37.579686-05:00,0.63,0.64,3730.2999999999997,3766.83,0.36,0.37,3766.83,3730.2999999999997
2026-01-02T19:02:38.617630-05:00,0.63,0.64,3712.27,3798.83,0.36,0.37,3798.83,3712.27
2026-01-02T19:02:39.700497-05:00,0.63,0.64,3813.23,3746.4,0.36,0.37,3746.4,3813.23
2026-01-02T19:02:40.731685-05:00,0.63,0.65,3707.23,4074.2,0.35,0.37,4074.2,3707.23
2026-01-02T19:02:41.741766-05:00,0.64,0.65,3682.5299999999997,4213.29,0.35,0.36,4213.29,3682.5299999999997
2026-01-02T19:02:42.754599-05:00,0.64,0.65,3715.39,4241.1,0.35,0.36,4241.1,3715.39
2026-01-02T19:02:43.806907-05:00,0.63,0.65,3811.47,4122.28,0.35,0.37,4122.28,3811.47
2026-01-02T19:02:44.791996-05:00,0.65,0.66,3057.2799999999997,4249.88,0.34,0.35,4249.88,3057.2799999999997
2026-01-02T19:02:45.804917-05:00,0.62,0.64,3804.97,3424.98,0.36,0.38,3424.98,3804.97
2026-01-02T19:02:46.792100-05:00,0.63,0.64,3049.08,3793.73,0.36,0.37,3793.73,3049.08
2026-01-02T19:02:47.792761-05:00,0.63,0.64,3181.68,3808.19,0.36,0.37,3808.19,3181.68
2026-01-02T19:02:48.858826-05:00,0.63,0.64,3181.68,3808.19,0.36,0.37,3808.19,3181.68
2026-01-02T19:02:49.856427-05:00,0.62,0.64,3662.09,4012.37,0.36,0.38,4012.37,3662.09
2026-01-02T19:02:50.986900-05:00,0.63,0.64,3466.09,4194.8,0.36,0.37,4194.8,3466.09
2026-01-02T19:02:52.170020-05:00,0.64,0.65,3386.02,4594.53,0.35,0.36,4594.53,3386.02
2026-01-02T19:02:53.170674-05:00,0.63,0.65,3445.0099999999998,4619.99,0.35,0.37,4619.99,3445.0099999999998
2026-01-02T19:02:54.168205-05:00,0.63,0.64,3319.0099999999998,4052.19,0.36,0.37,4052.19,3319.0099999999998
2026-01-02T19:02:55.189675-05:00,0.63,0.64,3341.81,4247.62,0.36,0.37,4247.62,3341.81
2026-01-02T19:02:56.188856-05:00,0.63,0.64,3378.95,4274.69,0.36,0.37,4274.69,3378.95
2026-01-02T19:02:57.184119-05:00,0.65,0.67,3831.77,4334.84,0.33,0.35,4334.84,3831.77
2026-01-02T19:02:58.187279-05:00,0.66,0.67,4025.92,4157.34,0.33,0.34,4157.34,4025.92
2026-01-02T19:02:59.222533-05:00,0.66,0.69,3498.18,4642.62,0.31,0.34,4642.62,3498.18
2026-01-02T19:03:00.214209-05:00,0.66,0.67,4058.18,4024.43,0.33,0.34,4024.43,4058.18
2026-01-02T19:03:01.215459-05:00,0.66,0.68,4353.68,4526.31,0.32,0.34,4526.31,4353.68
2026-01-02T19:03:02.216459-05:00,0.65,0.68,4671.3,4103.72,0.32,0.35,4103.72,4671.3
2026-01-02T19:03:03.242729-05:00,0.66,0.67,4061.98,3831.71,0.33,0.34,3831.71,4061.98
2026-01-02T19:03:04.247267-05:00,0.66,0.67,4190.18,3798.86,0.33,0.34,3798.86,4190.18
2026-01-02T19:03:05.259802-05:00,0.66,0.67,4262.76,3910.28,0.33,0.34,3910.28,4262.76
2026-01-02T19:03:06.250812-05:00,0.66,0.68,4200.26,4362.16,0.32,0.34,4362.16,4200.26
2026-01-02T19:03:07.246119-05:00,0.66,0.68,4231.58,4365.2300000000005,0.32,0.34,4365.2300000000005,4231.58
2026-01-02T19:03:08.256238-05:00,0.66,0.68,4318.22,4358.41,0.32,0.34,4358.41,4318.22
2026-01-02T19:03:09.273278-05:00,0.68,0.7,4133.35,2814.05,0.3,0.32,2814.05,4133.35
2026-01-02T19:03:10.265602-05:00,0.7,0.71,4112.7699999999995,2863.81,0.29,0.3,2863.81,4112.7699999999995
2026-01-02T19:03:11.267118-05:00,0.71,0.73,3756.88,3323.62,0.27,0.29,3323.62,3756.88
2026-01-02T19:03:12.364811-05:00,0.72,0.73,3504.99,3175.4500000000003,0.27,0.28,3175.4500000000003,3504.99
2026-01-02T19:03:13.355491-05:00,0.72,0.73,3861.48,3107.6600000000003,0.27,0.28,3134.03,3864.48
2026-01-02T19:03:14.357482-05:00,0.72,0.74,3874.29,3655.14,0.26,0.28,3655.14,3874.29
2026-01-02T19:03:15.443894-05:00,0.71,0.72,4554.58,3346.1,0.28,0.29,3346.1,4554.58
2026-01-02T19:03:16.452369-05:00,0.71,0.72,4705.93,3523.71,0.28,0.29,3523.71,4705.93
2026-01-02T19:03:17.450178-05:00,0.71,0.72,4725.99,3399.32,0.28,0.29,3399.32,4725.99
2026-01-02T19:03:18.534580-05:00,0.71,0.72,4786.84,3404.32,0.28,0.29,3404.32,4786.84
2026-01-02T19:03:19.699941-05:00,0.71,0.72,4796.5,3646.2200000000003,0.28,0.29,3646.2200000000003,4796.5
2026-01-02T19:03:20.703166-05:00,0.71,0.72,4844.03,3581.95,0.28,0.29,3581.95,4844.03
2026-01-02T19:03:21.863575-05:00,0.71,0.72,4635.09,3551.95,0.28,0.29,3551.95,4635.09
2026-01-02T19:03:22.870142-05:00,0.71,0.72,4422.89,3759.81,0.28,0.29,3759.81,4422.89
2026-01-02T19:03:23.908927-05:00,0.7,0.73,4820.2,3695.42,0.27,0.3,3695.42,4820.2
2026-01-02T19:03:24.908151-05:00,0.71,0.72,4030.94,3912.88,0.28,0.29,3912.88,4030.94
2026-01-02T19:03:25.901239-05:00,0.71,0.72,4047.24,3942.88,0.28,0.29,3942.88,4047.24
2026-01-02T19:03:26.944207-05:00,0.71,0.72,4047.24,3942.88,0.28,0.29,3942.88,4047.24
2026-01-02T19:03:27.949415-05:00,0.71,0.72,4047.24,3942.88,0.28,0.29,3942.88,4047.24
2026-01-02T19:03:29.008431-05:00,0.71,0.73,4273.28,4201.9,0.27,0.29,4201.9,4273.28
2026-01-02T19:03:30.023497-05:00,0.71,0.72,4354.45,3703.05,0.28,0.29,3703.05,4354.45
2026-01-02T19:03:31.049856-05:00,0.72,0.73,4259.17,3826.12,0.27,0.28,3826.12,4259.17
2026-01-02T19:03:32.061988-05:00,0.72,0.73,4239.05,3998.6200000000003,0.27,0.28,3998.6200000000003,4239.05
2026-01-02T19:03:33.069056-05:00,0.71,0.73,3969.3399999999997,3930.1800000000003,0.27,0.29,3930.1800000000003,3969.3399999999997
2026-01-02T19:03:34.076982-05:00,0.72,0.73,3963.41,3992.78,0.27,0.28,3992.78,3963.41
2026-01-02T19:03:35.072884-05:00,0.71,0.73,4400.42,4123.78,0.27,0.29,4123.78,4400.42
2026-01-02T19:03:36.090383-05:00,0.72,0.73,4070.61,4171.41,0.27,0.28,4171.41,4070.61
2026-01-02T19:03:37.103007-05:00,0.72,0.73,4253.56,3827.41,0.27,0.28,3827.41,4253.56
2026-01-02T19:03:38.097351-05:00,0.72,0.73,4260.67,3801.31,0.27,0.28,3801.31,4260.67
2026-01-02T19:03:39.146290-05:00,0.71,0.73,4729.33,3833.99,0.27,0.29,3833.99,4729.33
2026-01-02T19:03:40.139062-05:00,0.72,0.73,4331.16,3707.62,0.27,0.28,3707.62,4331.16
2026-01-02T19:03:41.137760-05:00,0.74,0.75,3223.97,147.05,0.25,0.26,147.05,3223.97
2026-01-02T19:03:42.153078-05:00,0.75,0.77,4418.01,2142.07,0.23,0.25,2142.07,4418.01
2026-01-02T19:03:43.151421-05:00,0.75,0.76,4491.76,2231.32,0.24,0.25,2231.32,4491.76
2026-01-02T19:03:44.170870-05:00,0.76,0.77,3914.9500000000003,2469.32,0.23,0.24,2469.32,3914.9500000000003
2026-01-02T19:03:45.173057-05:00,0.75,0.77,5111.43,2420.94,0.23,0.25,2420.94,5111.43
2026-01-02T19:03:46.284584-05:00,0.75,0.77,5335.75,2382.85,0.23,0.25,2382.85,5335.75
2026-01-02T19:03:47.306704-05:00,0.75,0.77,5347.21,2487.65,0.23,0.25,2487.65,5347.21
2026-01-02T19:03:48.294847-05:00,0.76,0.77,4605.9400000000005,2450.98,0.23,0.24,2450.98,4605.9400000000005
2026-01-02T19:03:49.294863-05:00,0.76,0.78,4549.9400000000005,2578.96,0.22,0.24,2578.96,4549.9400000000005
2026-01-02T19:03:50.371772-05:00,0.76,0.78,4576.94,2518.76,0.22,0.24,2518.76,4576.94
2026-01-02T19:03:51.408893-05:00,0.76,0.78,4611.06,2617.39,0.22,0.24,2617.39,4611.06
2026-01-02T19:03:52.417919-05:00,0.76,0.78,4641.1,2782.91,0.22,0.24,2782.91,4641.1
2026-01-02T19:03:53.423203-05:00,0.76,0.78,4657.01,2649.75,0.22,0.24,2649.75,4657.01
2026-01-02T19:03:54.416712-05:00,0.77,0.78,4364.6900000000005,2716.35,0.22,0.23,2716.35,4364.6900000000005
2026-01-02T19:03:55.505167-05:00,0.77,0.78,4321.24,2700.89,0.22,0.23,2700.89,4321.24
2026-01-02T19:03:56.617102-05:00,0.76,0.77,4655.49,2763.67,0.23,0.24,2763.67,4655.49
2026-01-02T19:03:57.617758-05:00,0.76,0.78,4643.59,2859.4900000000002,0.23,0.24,2549.83,4618.49
2026-01-02T19:03:58.696504-05:00,0.76,0.78,4538.65,2728.07,0.22,0.24,2728.07,4538.65
2026-01-02T19:03:59.737107-05:00,0.76,0.78,4678.99,2646.33,0.22,0.24,2646.33,4678.99
2026-01-02T19:04:00.736381-05:00,0.76,0.78,4757.99,2600.04,0.22,0.24,2600.04,4757.99
2026-01-02T19:04:01.730247-05:00,0.78,0.79,5191.0,3419.4,0.21,0.22,3419.4,5191.0
2026-01-02T19:04:02.729857-05:00,0.78,0.79,4574.37,3717.77,0.21,0.22,3717.77,4574.37
2026-01-02T19:04:03.735326-05:00,0.77,0.78,5222.4800000000005,2885.16,0.22,0.23,2885.16,5222.4800000000005
2026-01-02T19:04:04.757378-05:00,0.77,0.78,5034.05,2703.7400000000002,0.22,0.23,2703.7400000000002,5034.05
2026-01-02T19:04:05.780575-05:00,0.76,0.78,5371.31,2825.75,0.22,0.24,2825.75,5371.31
2026-01-02T19:04:06.791213-05:00,0.76,0.77,5282.31,2439.48,0.23,0.24,2439.48,5282.31
2026-01-02T19:04:07.800878-05:00,0.75,0.76,4636.75,3002.59,0.24,0.25,3002.59,4636.75
2026-01-02T19:04:08.798607-05:00,0.75,0.76,4724.75,2868.59,0.24,0.25,2868.59,4724.75
2026-01-02T19:04:09.799491-05:00,0.75,0.76,4738.43,2857.87,0.24,0.25,2857.87,4738.43
2026-01-02T19:04:10.813134-05:00,0.75,0.76,4738.43,2857.87,0.24,0.25,2857.87,4738.43
2026-01-02T19:04:11.810117-05:00,0.75,0.76,4721.97,2908.27,0.24,0.25,2908.27,4721.97
2026-01-02T19:04:12.830071-05:00,0.75,0.76,4694.54,2877.62,0.24,0.25,2877.62,4694.54
2026-01-02T19:04:13.870751-05:00,0.75,0.76,5001.53,2710.61,0.24,0.25,2710.61,5001.53
2026-01-02T19:04:14.873012-05:00,0.75,0.76,5396.02,2309.29,0.24,0.25,2309.29,5396.02
2026-01-02T19:04:15.880958-05:00,0.74,0.75,4885.94,2296.63,0.25,0.26,2296.63,4885.94
2026-01-02T19:04:16.917909-05:00,0.74,0.75,4989.24,2422.98,0.25,0.26,2422.98,4989.24
2026-01-02T19:04:17.918935-05:00,0.74,0.75,4001.55,3361.62,0.25,0.26,3361.62,4001.55
2026-01-02T19:04:18.954279-05:00,0.72,0.73,4999.96,3084.37,0.27,0.28,3084.37,4999.96
2026-01-02T19:04:19.949397-05:00,0.73,0.74,5423.87,2220.74,0.26,0.27,2220.74,5423.87
2026-01-02T19:04:20.956311-05:00,0.74,0.75,4733.57,2410.44,0.25,0.26,2410.44,4733.57
2026-01-02T19:04:21.959454-05:00,0.74,0.76,4576.27,2762.96,0.24,0.26,2762.96,4576.27
2026-01-02T19:04:22.974541-05:00,0.74,0.75,5087.07,2540.38,0.25,0.26,2540.38,5087.07
2026-01-02T19:04:23.993721-05:00,0.75,0.76,4981.33,2728.76,0.24,0.25,2728.76,4981.33
2026-01-02T19:04:25.111465-05:00,0.75,0.76,4949.33,2760.66,0.24,0.25,2760.66,4949.33
2026-01-02T19:04:26.142452-05:00,0.75,0.76,5108.33,2658.34,0.24,0.25,2658.34,5108.33
2026-01-02T19:04:27.151602-05:00,0.75,0.76,4999.99,2588.02,0.24,0.25,2588.02,4999.99
2026-01-02T19:04:28.155799-05:00,0.75,0.76,5077.8099999999995,2586.7,0.24,0.25,2586.7,5077.8099999999995
2026-01-02T19:04:29.161259-05:00,0.74,0.76,5609.7,2567.7,0.24,0.26,2567.7,5609.7
2026-01-02T19:04:30.152254-05:00,0.76,0.77,4888.33,2429.69,0.23,0.24,2429.69,4888.33
2026-01-02T19:04:31.312047-05:00,0.76,0.77,5059.79,2475.26,0.23,0.24,2475.26,5059.79
2026-01-02T19:04:32.358639-05:00,0.76,0.77,4992.99,2496.79,0.23,0.24,2496.79,4992.99
2026-01-02T19:04:33.391884-05:00,0.76,0.77,5026.74,2831.38,0.23,0.24,2831.38,5026.74
2026-01-02T19:04:34.405508-05:00,0.75,0.77,5291.4400000000005,2654.59,0.23,0.25,2654.59,5291.4400000000005
2026-01-02T19:04:35.420198-05:00,0.75,0.77,5229.4400000000005,2556.31,0.23,0.25,2556.31,5229.4400000000005
2026-01-02T19:04:36.424289-05:00,0.75,0.77,5229.4400000000005,2556.31,0.23,0.25,2556.31,5229.4400000000005
2026-01-02T19:04:37.522678-05:00,0.76,0.77,4866.17,2261.16,0.23,0.24,2261.16,4866.17
2026-01-02T19:04:38.523362-05:00,0.76,0.77,4986.37,2209.18,0.23,0.24,2209.18,4986.37
2026-01-02T19:04:39.580967-05:00,0.76,0.77,4968.37,2250.13,0.23,0.24,2250.13,4968.37
2026-01-02T19:04:40.574078-05:00,0.75,0.76,5715.64,1818.39,0.24,0.25,1818.39,5715.64
2026-01-02T19:04:41.595392-05:00,0.76,0.77,4837.37,2280.14,0.23,0.24,2280.14,4837.37
2026-01-02T19:04:42.592851-05:00,0.76,0.77,4913.2,2119.57,0.23,0.24,2119.57,4913.2
2026-01-02T19:04:43.594904-05:00,0.76,0.78,4662.2,3339.23,0.22,0.24,3339.23,4662.2
2026-01-02T19:04:44.598779-05:00,0.76,0.77,4712.2,2936.94,0.23,0.24,2936.94,4712.2
2026-01-02T19:04:45.697779-05:00,0.76,0.77,4712.2,2936.94,0.23,0.24,2936.94,4712.2
2026-01-02T19:04:46.753783-05:00,0.77,0.78,4589.5,3066.77,0.22,0.23,3066.77,4589.5
2026-01-02T19:04:47.746661-05:00,0.77,0.78,4616.75,3078.06,0.22,0.23,3078.06,4616.75
2026-01-02T19:04:48.748967-05:00,0.77,0.78,4656.78,3139.83,0.22,0.23,3139.83,4656.78
2026-01-02T19:04:49.799616-05:00,0.77,0.78,4663.82,2800.79,0.22,0.23,2800.79,4663.82
2026-01-02T19:04:50.802271-05:00,0.77,0.78,4657.06,2770.37,0.22,0.23,2770.37,4657.06
2026-01-02T19:04:51.929146-05:00,0.77,0.78,4677.1,2835.54,0.22,0.23,2835.54,4677.1
2026-01-02T19:04:52.931220-05:00,0.77,0.78,4657.22,2814.25,0.22,0.23,2814.25,4657.22
2026-01-02T19:04:53.933183-05:00,0.77,0.78,4667.83,2834.25,0.22,0.23,2834.25,4667.83
2026-01-02T19:04:55.095483-05:00,0.77,0.78,4558.47,2859.96,0.22,0.23,2859.96,4558.47
2026-01-02T19:04:56.344134-05:00,0.77,0.78,4258.53,2819.96,0.22,0.23,2819.96,4258.53
2026-01-02T19:04:57.416445-05:00,0.77,0.78,4539.39,2793.37,0.22,0.23,2793.37,4539.39
2026-01-02T19:04:58.401941-05:00,0.77,0.78,4538.62,2861.65,0.22,0.23,2861.65,4538.62
2026-01-02T19:04:59.418001-05:00,0.77,0.78,4472.06,2936.37,0.22,0.23,2936.37,4472.06
2026-01-02T19:05:00.603248-05:00,0.77,0.78,4472.06,2936.37,0.22,0.23,2936.37,4472.06
2026-01-02T19:05:01.644248-05:00,0.77,0.78,4565.1,2886.58,0.22,0.23,2886.58,4565.1
2026-01-02T19:05:02.637523-05:00,0.76,0.78,5113.62,2794.4500000000003,0.22,0.24,2794.4500000000003,5113.62
2026-01-02T19:05:03.638173-05:00,0.77,0.79,4729.03,3317.33,0.21,0.23,3317.33,4729.03
2026-01-02T19:05:04.649445-05:00,0.76,0.79,5116.89,3267.33,0.21,0.24,3267.33,5116.89
2026-01-02T19:05:05.684060-05:00,0.76,0.79,5189.65,3271.06,0.21,0.24,3271.06,5189.65
2026-01-02T19:05:06.704164-05:00,0.77,0.79,4847.61,3145.06,0.21,0.23,3145.06,4847.61
2026-01-02T19:05:07.748400-05:00,0.79,0.8,3987.38,3110.37,0.2,0.21,3110.37,3987.38
2026-01-02T19:05:08.746687-05:00,0.79,0.8,3824.1800000000003,3114.82,0.2,0.21,3114.82,3824.1800000000003
2026-01-02T19:05:09.776236-05:00,0.78,0.79,4162.37,2914.48,0.21,0.22,2914.48,4162.37
2026-01-02T19:05:10.786448-05:00,0.79,0.8,3831.3,2958.57,0.2,0.21,2958.57,3831.3
2026-01-02T19:05:11.778747-05:00,0.79,0.8,4177.12,3187.57,0.2,0.21,2958.57,3831.3
2026-01-02T19:05:12.799192-05:00,0.79,0.8,4167.12,3185.57,0.2,0.21,3185.57,4167.12
2026-01-02T19:05:13.864098-05:00,0.79,0.8,4235.46,3191.32,0.2,0.21,3191.32,4235.46
2026-01-02T19:05:14.884619-05:00,0.79,0.8,4428.5199999999995,3345.32,0.2,0.21,3345.32,4428.5199999999995
2026-01-02T19:05:15.920044-05:00,0.8,0.81,3934.02,4495.91,0.19,0.2,4495.91,3934.02
2026-01-02T19:05:16.950024-05:00,0.8,0.81,3967.06,4520.91,0.19,0.2,4520.91,3967.06
2026-01-02T19:05:17.958543-05:00,0.8,0.81,3930.16,4552.41,0.19,0.2,4552.41,3930.16
2026-01-02T19:05:18.950289-05:00,0.8,0.81,3995.3,4417.41,0.19,0.2,4417.41,3995.3
2026-01-02T19:05:19.963915-05:00,0.81,0.82,3609.74,6440.46,0.18,0.19,6440.46,3609.74
2026-01-02T19:05:20.990513-05:00,0.81,0.82,3382.12,6226.09,0.18,0.19,6226.09,3382.12
2026-01-02T19:05:21.994448-05:00,0.81,0.83,3213.31,8539.49,0.17,0.19,8539.49,3213.31
2026-01-02T19:05:22.980067-05:00,0.82,0.83,3013.87,8577.39,0.17,0.18,8577.39,3013.87
2026-01-02T19:05:24.067334-05:00,0.81,0.83,3398.6,8859.39,0.17,0.19,8859.39,3398.6
2026-01-02T19:05:25.059130-05:00,0.8,0.81,3675.88,6848.38,0.19,0.2,6848.38,3675.88
2026-01-02T19:05:26.072061-05:00,0.81,0.82,3372.25,7023.98,0.18,0.19,7023.98,3789.5
2026-01-02T19:05:27.090348-05:00,0.81,0.83,3367.71,9601.3,0.17,0.19,9601.3,3367.71
2026-01-02T19:05:28.100672-05:00,0.81,0.83,3347.44,9786.8,0.17,0.19,9786.8,3347.44
2026-01-02T19:05:29.172728-05:00,0.81,0.83,4490.98,9464.8,0.17,0.19,9464.8,4490.98
2026-01-02T19:05:30.260992-05:00,0.81,0.83,4469.39,8895.59,0.17,0.19,8895.59,4469.39
2026-01-02T19:05:31.308774-05:00,0.82,0.84,3817.2,10692.130000000001,0.16,0.18,10692.130000000001,3817.2
2026-01-02T19:05:32.309022-05:00,0.81,0.84,4044.98,10577.18,0.16,0.19,10577.18,4044.98
2026-01-02T19:05:33.318267-05:00,0.81,0.82,3980.2,5681.7,0.18,0.19,5681.7,3980.2
2026-01-02T19:05:34.309637-05:00,0.82,0.83,3611.23,6692.58,0.17,0.18,6692.58,3611.23
2026-01-02T19:05:35.377452-05:00,0.82,0.83,3753.23,6645.66,0.17,0.18,6645.66,3753.23
2026-01-02T19:05:36.412647-05:00,0.82,0.85,3816.25,11643.35,0.17,0.18,6461.8,3816.25
2026-01-02T19:05:37.423335-05:00,0.82,0.84,3846.25,8768.15,0.16,0.18,8768.15,3846.25
2026-01-02T19:05:38.441927-05:00,0.88,0.89,3394.23,17390.309999999998,0.11,0.12,17390.309999999998,3394.23
2026-01-02T19:05:39.434773-05:00,0.89,0.9,3484.87,23954.94,0.1,0.11,23954.94,3484.87
2026-01-02T19:05:40.441536-05:00,0.89,0.9,3131.63,23752.76,0.1,0.11,23752.76,3131.63
2026-01-02T19:05:41.433050-05:00,0.89,0.9,3772.95,23907.31,0.1,0.11,23907.31,3772.95
2026-01-02T19:05:42.455826-05:00,0.89,0.9,4291.84,23454.91,0.1,0.11,23454.91,4291.84
2026-01-02T19:05:43.454575-05:00,0.9,0.91,3968.98,23657.15,0.09,0.1,23657.15,3968.98
2026-01-02T19:05:44.471083-05:00,0.89,0.9,4153.4800000000005,23572.8,0.1,0.11,23572.8,4153.4800000000005
2026-01-02T19:05:45.471002-05:00,0.9,0.91,3999.9,23692.64,0.09,0.1,23692.64,3999.9
2026-01-02T19:05:46.472387-05:00,0.9,0.91,3931.81,23690.14,0.09,0.1,23690.14,3931.81
2026-01-02T19:05:47.468885-05:00,0.84,0.85,4689.9400000000005,7585.549999999999,0.15,0.16,7585.549999999999,4689.9400000000005
2026-01-02T19:05:48.472617-05:00,0.87,0.88,3650.11,12323.88,0.12,0.13,12323.88,3650.11
2026-01-02T19:05:49.562885-05:00,0.87,0.88,4014.82,12103.65,0.12,0.13,12103.65,4014.82
2026-01-02T19:05:50.563273-05:00,0.87,0.88,4353.05,12186.51,0.12,0.13,12186.51,4353.05
2026-01-02T19:05:51.560175-05:00,0.87,0.88,4089.1,12344.89,0.12,0.13,12344.89,4089.1
2026-01-02T19:05:52.581895-05:00,0.87,0.88,4112.06,12423.9,0.12,0.13,12423.9,4112.06
2026-01-02T19:05:53.710638-05:00,0.87,0.89,4394.6,16283.99,0.11,0.13,16283.99,4394.6
2026-01-02T19:05:54.735443-05:00,0.86,0.89,4986.27,16107.71,0.11,0.14,16107.71,4986.27
2026-01-02T19:05:55.739201-05:00,0.87,0.89,4349.36,16256.91,0.11,0.13,16256.91,4349.36
2026-01-02T19:05:56.771171-05:00,0.89,0.9,5014.33,23452.64,0.1,0.11,23452.64,5014.33
2026-01-02T19:05:57.826561-05:00,0.89,0.9,4246.24,23149.02,0.1,0.11,23149.02,4246.24
2026-01-02T19:05:58.822900-05:00,0.86,0.9,5236.71,23141.14,0.1,0.14,23141.14,5236.71
2026-01-02T19:05:59.836494-05:00,0.9,0.91,3276.39,22816.94,0.09,0.1,22816.94,3276.39
2026-01-02T19:06:00.846165-05:00,0.88,0.9,3937.45,24074.55,0.1,0.12,24074.55,3937.45
2026-01-02T19:06:01.849863-05:00,0.89,0.91,3852.39,23362.39,0.09,0.11,23362.39,3852.39
2026-01-02T19:06:02.840681-05:00,0.88,0.9,4350.75,22980.45,0.1,0.12,22980.45,4350.75
2026-01-02T19:06:03.850145-05:00,0.87,0.9,4635.11,21133.96,0.1,0.13,21133.96,4635.11
2026-01-02T19:06:04.853815-05:00,0.87,0.9,4836.09,21173.96,0.1,0.13,21173.96,4836.09
2026-01-02T19:06:05.838699-05:00,0.86,0.87,4125.19,8241.47,0.13,0.14,8241.47,4125.19
2026-01-02T19:06:06.841840-05:00,0.85,0.86,4240.74,6470.06,0.14,0.15,6470.06,4240.74
2026-01-02T19:06:07.838511-05:00,0.85,0.86,4687.75,5913.06,0.14,0.15,5913.06,4687.75
2026-01-02T19:06:08.909996-05:00,0.85,0.86,4754.3099999999995,6205.59,0.14,0.15,6205.59,4754.3099999999995
2026-01-02T19:06:09.913681-05:00,0.85,0.87,4961.64,8380.789999999999,0.13,0.15,8380.789999999999,4961.64
2026-01-02T19:06:10.963842-05:00,0.85,0.88,5030.65,11306.96,0.12,0.15,11306.96,5030.65
2026-01-02T19:06:12.022904-05:00,0.88,0.89,3726.86,15042.16,0.11,0.12,15042.16,3726.86
2026-01-02T19:06:13.011030-05:00,0.86,0.87,4597.1,8565.32,0.13,0.14,8565.32,4597.1
2026-01-02T19:06:14.061943-05:00,0.86,0.87,4597.1,8565.32,0.13,0.14,8565.32,4597.1
2026-01-02T19:06:15.087927-05:00,0.86,0.87,4796.1,8335.77,0.13,0.14,8335.77,4796.1
2026-01-02T19:06:16.076313-05:00,0.87,0.88,4435.32,11363.88,0.12,0.13,11363.88,4435.32
2026-01-02T19:06:17.105302-05:00,0.86,0.88,4910.44,11242.74,0.12,0.14,11242.74,4910.44
2026-01-02T19:06:18.157492-05:00,0.86,0.87,4901.9,8556.539999999999,0.13,0.14,8556.539999999999,4901.9
2026-01-02T19:06:19.315561-05:00,0.86,0.88,5066.36,11535.18,0.12,0.14,11535.18,5066.36
2026-01-02T19:06:20.416494-05:00,0.87,0.89,4440.38,15441.73,0.11,0.13,15441.73,4440.38
2026-01-02T19:06:21.426937-05:00,0.88,0.89,3989.08,15526.199999999999,0.11,0.12,15526.199999999999,3989.08
2026-01-02T19:06:22.422860-05:00,0.88,0.89,3165.49,15841.38,0.11,0.12,15841.38,3165.49
2026-01-02T19:06:23.423108-05:00,0.87,0.89,3647.07,15900.25,0.11,0.13,15900.25,3647.07
2026-01-02T19:06:24.653979-05:00,0.87,0.89,3647.07,15900.25,0.11,0.13,15900.25,3647.07
2026-01-02T19:06:25.657964-05:00,0.88,0.89,3672.9900000000002,15627.48,0.11,0.12,15627.48,3672.9900000000002
2026-01-02T19:06:26.666964-05:00,0.88,0.89,3672.9900000000002,15627.48,0.11,0.12,15627.48,3672.9900000000002
2026-01-02T19:06:27.689218-05:00,0.88,0.89,3672.9900000000002,15627.48,0.11,0.12,15627.48,3672.9900000000002
2026-01-02T19:06:28.777206-05:00,0.88,0.89,3672.9900000000002,15627.48,0.11,0.12,15627.48,3672.9900000000002
2026-01-02T19:06:29.819020-05:00,0.89,0.9,3462.02,22816.42,0.1,0.11,22816.42,3462.02
2026-01-02T19:06:30.810945-05:00,0.88,0.89,3854.06,14906.33,0.1,0.11,22658.42,3393.06
2026-01-02T19:06:31.822459-05:00,0.89,0.9,3309.06,22498.42,0.1,0.11,22498.42,3309.06
2026-01-02T19:06:32.843862-05:00,0.89,0.9,3358.46,22326.22,0.1,0.11,22326.22,3358.46
2026-01-02T19:06:33.965714-05:00,0.89,0.9,3358.46,22326.22,0.1,0.11,22326.22,3358.46
2026-01-02T19:06:34.968983-05:00,0.87,0.9,4572.67,22640.98,0.1,0.13,22640.98,4572.67
2026-01-02T19:06:35.972740-05:00,0.88,0.9,4429.5599999999995,22691.98,0.1,0.12,22691.98,4429.5599999999995
2026-01-02T19:06:36.982304-05:00,0.88,0.9,4212.36,22567.98,0.1,0.12,22567.98,4212.36
2026-01-02T19:06:38.004674-05:00,0.89,0.9,3738.36,22744.98,0.1,0.11,22744.98,3738.36
2026-01-02T19:06:39.039397-05:00,0.88,0.9,4228.39,22305.98,0.1,0.12,22305.98,4228.39
2026-01-02T19:06:40.035829-05:00,0.88,0.9,4333.39,22033.489999999998,0.1,0.12,22033.489999999998,4333.39
2026-01-02T19:06:41.090981-05:00,0.89,0.9,3916.39,22147.489999999998,0.1,0.11,22147.489999999998,3916.39
2026-01-02T19:06:42.105731-05:00,0.9,0.91,3626.42,21547.98,0.09,0.1,21547.98,3626.42
2026-01-02T19:06:43.130894-05:00,0.9,0.91,3737.19,21558.02,0.09,0.1,21558.02,3737.19
2026-01-02T19:06:44.140303-05:00,0.9,0.91,3760.1,21491.02,0.09,0.1,21491.02,3760.1
2026-01-02T19:06:45.178864-05:00,0.9,0.91,3768.33,21599.02,0.09,0.1,21599.02,3768.33
2026-01-02T19:06:46.190365-05:00,0.89,0.91,4414.49,20822.47,0.09,0.11,20822.47,4414.49
2026-01-02T19:06:47.183292-05:00,0.89,0.91,4414.49,20822.47,0.09,0.11,20822.47,4414.49
2026-01-02T19:06:48.205911-05:00,0.9,0.91,3892.27,20517.72,0.09,0.1,20517.72,3892.27
2026-01-02T19:06:49.258739-05:00,0.9,0.91,4550.27,18385.72,0.09,0.1,18385.72,4550.27
2026-01-02T19:06:50.245186-05:00,0.9,0.91,4467.27,18594.73,0.09,0.1,18594.73,4467.27
2026-01-02T19:06:51.300297-05:00,0.9,0.92,4925.27,17780.73,0.08,0.1,17780.73,4925.27
2026-01-02T19:06:52.299105-05:00,0.9,0.92,4912.47,16189.93,0.08,0.1,16189.93,4912.47
2026-01-02T19:06:53.292188-05:00,0.9,0.92,4889.47,16217.029999999999,0.08,0.1,16217.029999999999,4889.47
2026-01-02T19:06:54.305239-05:00,0.91,0.92,4983.74,15202.029999999999,0.08,0.1,16217.029999999999,4889.47
2026-01-02T19:06:55.342981-05:00,0.92,0.93,4377.1,14908.39,0.07,0.08,14908.39,4377.1
2026-01-02T19:06:56.338622-05:00,0.92,0.95,4662.7300000000005,13061.3,0.05,0.08,13061.3,4662.7300000000005
2026-01-02T19:06:57.340952-05:00,0.93,0.96,4480.72,13034.1,0.04,0.07,13034.1,4480.72
2026-01-02T19:06:58.420099-05:00,0.95,0.96,4117.53,12910.939999999999,0.04,0.05,12910.939999999999,4117.53
2026-01-02T19:06:59.421092-05:00,0.94,0.96,4310.06,12919.609999999999,0.04,0.06,12919.609999999999,4310.06
2026-01-02T19:07:00.429901-05:00,0.93,0.94,4759.7300000000005,13117.279999999999,0.06,0.07,13117.279999999999,4759.7300000000005
2026-01-02T19:07:01.435476-05:00,0.94,0.96,4530.7300000000005,12795.289999999999,0.04,0.06,12795.289999999999,4530.7300000000005
2026-01-02T19:07:02.438282-05:00,0.9,0.93,4208.82,15428.33,0.07,0.1,15428.33,4208.82
2026-01-02T19:07:03.536448-05:00,0.91,0.92,3590.82,14664.07,0.08,0.09,14664.07,3590.82
2026-01-02T19:07:04.525877-05:00,0.9,0.94,4225.8099999999995,14319.01,0.06,0.1,14319.01,4225.8099999999995
2026-01-02T19:07:05.534621-05:00,0.92,0.94,4378.53,12927.34,0.06,0.08,12927.34,4378.53
2026-01-02T19:07:06.543488-05:00,0.84,0.9,4181.56,15691.34,0.1,0.16,15691.34,4181.56
2026-01-02T19:07:07.546645-05:00,0.85,0.9,4278.79,15029.4,0.1,0.15,15029.4,4278.79
2026-01-02T19:07:08.553345-05:00,0.85,0.9,4278.79,15029.4,0.1,0.15,15029.4,4278.79
2026-01-02T19:07:09.547137-05:00,0.85,0.88,4416.22,6043.5199999999995,0.12,0.15,6043.5199999999995,4416.22
2026-01-02T19:07:10.589945-05:00,0.85,0.88,4435.34,6868.41,0.12,0.15,6868.41,4435.34
2026-01-02T19:07:11.604317-05:00,0.87,0.88,3950.73,7812.46,0.12,0.13,7812.46,3950.73
2026-01-02T19:07:12.616920-05:00,0.86,0.87,4709.75,6391.1900000000005,0.13,0.14,6391.1900000000005,4709.75
2026-01-02T19:07:13.610229-05:00,0.86,0.87,4666.75,6341.33,0.13,0.14,6341.33,4666.75
2026-01-02T19:07:14.651146-05:00,0.85,0.87,4936.14,6433.91,0.13,0.15,6433.91,4936.14
2026-01-02T19:07:15.669771-05:00,0.85,0.87,4782.5,6995.780000000001,0.13,0.15,6995.780000000001,4782.5
2026-01-02T19:07:16.683126-05:00,0.86,0.87,4294.59,6947.21,0.13,0.14,6947.21,4294.59
2026-01-02T19:07:17.764215-05:00,0.86,0.87,4279.67,6947.08,0.13,0.14,6947.08,4279.67
2026-01-02T19:07:18.762982-05:00,0.85,0.87,4764.54,6807.530000000001,0.13,0.15,6807.530000000001,4764.54
2026-01-02T19:07:19.764971-05:00,0.86,0.87,4856.54,6436.0,0.13,0.14,6436.0,4856.54
2026-01-02T19:07:20.809284-05:00,0.86,0.88,4778.65,8070.08,0.12,0.14,8070.08,4778.65
2026-01-02T19:07:21.810116-05:00,0.86,0.88,4778.65,8070.08,0.12,0.14,8070.08,4778.65
2026-01-02T19:07:22.810955-05:00,0.88,0.89,3943.75,11070.97,0.11,0.12,11070.97,3943.75
2026-01-02T19:07:23.882388-05:00,0.87,0.88,4045.73,8016.67,0.12,0.13,8016.67,4045.73
2026-01-02T19:07:24.876458-05:00,0.87,0.88,4177.82,7622.8,0.12,0.13,7622.8,4177.82
2026-01-02T19:07:25.909180-05:00,0.87,0.88,4177.82,7622.8,0.12,0.13,7622.8,4177.82
2026-01-02T19:07:26.926846-05:00,0.87,0.89,4278.98,10378.14,0.11,0.13,10378.14,4278.98
2026-01-02T19:07:27.968574-05:00,0.89,0.91,4648.56,15047.19,0.09,0.11,15047.19,4648.56
2026-01-02T19:07:28.989432-05:00,0.9,0.92,4773.56,14544.35,0.08,0.1,14544.35,4773.56
2026-01-02T19:07:29.982214-05:00,0.91,0.92,4138.48,14560.35,0.08,0.09,14560.35,4138.48
2026-01-02T19:07:30.989650-05:00,0.92,0.93,4575.58,13301.49,0.07,0.08,13301.49,4575.58
2026-01-02T19:07:31.980990-05:00,0.93,0.94,4923.57,11885.1,0.06,0.07,11885.1,4923.57
2026-01-02T19:07:33.017771-05:00,0.94,0.95,4544.21,11905.84,0.05,0.06,11905.84,4544.21
2026-01-02T19:07:34.045495-05:00,0.94,0.95,4563.21,11831.21,0.05,0.06,11831.21,4563.21
2026-01-02T19:07:35.083694-05:00,0.94,0.95,4563.21,11980.65,0.05,0.06,11980.65,4563.21
2026-01-02T19:07:36.123133-05:00,0.94,0.95,4737.21,12027.06,0.05,0.06,12027.06,4737.21
2026-01-02T19:07:37.130997-05:00,0.94,0.95,4727.22,11997.84,0.05,0.06,11997.84,4727.22
2026-01-02T19:07:38.120668-05:00,0.93,0.95,5109.42,12037.84,0.05,0.07,12037.84,5109.42
2026-01-02T19:07:39.288560-05:00,0.93,0.95,4999.0,12087.19,0.05,0.07,12087.19,4999.0
2026-01-02T19:07:40.277603-05:00,0.93,0.94,4948.0,12057.84,0.06,0.07,12057.84,4948.0
2026-01-02T19:07:41.297461-05:00,0.92,0.93,4886.86,12498.84,0.07,0.08,12498.84,4886.86
2026-01-02T19:07:42.398843-05:00,0.92,0.93,4886.86,12498.84,0.07,0.08,12498.84,4886.86
2026-01-02T19:07:43.393304-05:00,0.92,0.93,4886.86,12498.84,0.07,0.08,12498.84,4886.86
2026-01-02T19:07:44.421032-05:00,0.93,0.94,4772.43,12158.84,0.06,0.07,12158.84,4772.43
2026-01-02T19:07:45.417650-05:00,0.93,0.94,4719.25,12158.84,0.06,0.07,12158.84,4719.25
2026-01-02T19:07:46.418385-05:00,0.93,0.94,4758.0,12201.49,0.06,0.07,12201.49,4758.0
2026-01-02T19:07:47.443566-05:00,0.9,0.94,4760.32,12179.710000000001,0.06,0.1,12179.710000000001,4760.32
2026-01-02T19:07:48.436353-05:00,0.91,0.93,4260.0199999999995,11859.01,0.07,0.09,11859.01,4260.0199999999995
2026-01-02T19:07:49.442503-05:00,0.93,0.94,4207.0199999999995,12294.01,0.06,0.07,12294.01,4207.0199999999995
2026-01-02T19:07:50.444558-05:00,0.93,0.94,4207.0199999999995,12294.01,0.06,0.07,12294.01,4207.0199999999995
2026-01-02T19:07:51.437538-05:00,0.93,0.94,4050.15,12387.41,0.06,0.07,12387.41,4050.15
2026-01-02T19:07:52.674511-05:00,0.93,0.94,3980.15,12708.41,0.06,0.07,12708.41,3980.15
2026-01-02T19:07:53.739976-05:00,0.93,0.94,4109.15,12675.34,0.06,0.07,12675.34,4109.15
2026-01-02T19:07:54.745477-05:00,0.93,0.94,4127.95,12698.44,0.06,0.07,12698.44,4127.95
2026-01-02T19:07:55.760812-05:00,0.94,0.95,4081.89,11931.74,0.05,0.06,11931.74,4081.89
2026-01-02T19:07:56.763927-05:00,0.93,0.95,4453.13,12005.039999999999,0.05,0.07,12005.039999999999,4453.13
2026-01-02T19:07:57.765657-05:00,0.92,0.95,5008.76,11893.039999999999,0.05,0.08,11893.039999999999,5008.76
2026-01-02T19:07:58.798814-05:00,0.93,0.94,4451.33,11746.74,0.06,0.07,11746.74,4451.33
2026-01-02T19:07:59.792425-05:00,0.93,0.95,4507.92,11531.119999999999,0.05,0.07,11531.119999999999,4507.92
2026-01-02T19:08:00.882321-05:00,0.94,0.96,4022.92,10578.14,0.04,0.06,10578.14,4022.92
2026-01-02T19:08:01.870543-05:00,0.93,0.96,4472.49,10535.25,0.04,0.07,10535.25,4472.49
2026-01-02T19:08:02.880760-05:00,0.94,0.95,4638.76,10745.25,0.05,0.06,10745.25,4638.76
2026-01-02T19:08:03.918287-05:00,0.94,0.95,4628.76,10468.25,0.05,0.06,10468.25,4628.76
2026-01-02T19:08:04.922861-05:00,0.94,0.95,4893.76,10391.22,0.05,0.06,10391.22,4893.76
2026-01-02T19:08:05.965496-05:00,0.94,0.95,4912.7,10361.12,0.05,0.06,10361.12,4912.7
2026-01-02T19:08:06.973020-05:00,0.94,0.95,4912.7,10361.12,0.05,0.06,10361.12,4912.7
2026-01-02T19:08:07.971434-05:00,0.94,0.95,4783.7,10359.01,0.05,0.06,10359.01,4783.7
2026-01-02T19:08:08.964041-05:00,0.94,0.95,4737.36,10265.36,0.05,0.06,10265.36,4737.36
2026-01-02T19:08:09.979675-05:00,0.94,0.95,4320.32,10139.1,0.05,0.06,10139.1,4320.32
2026-01-02T19:08:10.984473-05:00,0.94,0.95,4310.32,9909.1,0.05,0.06,9909.1,4310.32
2026-01-02T19:08:12.022922-05:00,0.95,0.96,3458.11,10050.75,0.04,0.05,10050.75,3458.11
2026-01-02T19:08:13.020961-05:00,0.94,0.95,3867.92,10592.66,0.05,0.06,10592.66,3867.92
2026-01-02T19:08:14.035977-05:00,0.94,0.95,3867.92,10592.66,0.05,0.06,10592.66,3867.92
2026-01-02T19:08:15.091039-05:00,0.94,0.96,4207.92,12206.96,0.04,0.06,12206.96,4207.92
2026-01-02T19:08:16.144111-05:00,0.94,0.96,4372.35,12233.96,0.04,0.06,12233.96,4372.35
2026-01-02T19:08:17.144899-05:00,0.94,0.96,4372.35,12233.96,0.04,0.06,12233.96,4372.35
2026-01-02T19:08:18.158930-05:00,0.94,0.96,4483.35,11899.279999999999,0.04,0.06,11899.279999999999,4483.35
2026-01-02T19:08:19.153650-05:00,0.94,0.96,4491.69,11819.32,0.04,0.06,11819.32,4491.69
2026-01-02T19:08:20.159711-05:00,0.93,0.96,4959.57,11647.35,0.04,0.07,11647.35,4959.57
2026-01-02T19:08:21.151004-05:00,0.94,0.95,4561.92,11807.35,0.05,0.06,11807.35,4561.92
2026-01-02T19:08:22.263817-05:00,0.95,0.96,3904.71,11722.35,0.04,0.05,11722.35,3904.71
2026-01-02T19:08:23.261296-05:00,0.95,0.96,3907.21,11585.65,0.04,0.05,11585.65,3907.21
2026-01-02T19:08:24.262950-05:00,0.94,0.95,3730.42,12653.05,0.05,0.06,12653.05,3730.42
2026-01-02T19:08:25.260661-05:00,0.94,0.95,4025.61,11819.85,0.05,0.06,11819.85,4025.61
2026-01-02T19:08:26.261510-05:00,0.94,0.95,4024.61,11755.4,0.05,0.06,11755.4,4024.61
2026-01-02T19:08:27.262544-05:00,0.94,0.95,4506.61,11524.4,0.05,0.06,11524.4,4506.61
2026-01-02T19:08:28.283498-05:00,0.94,0.95,4506.61,11524.4,0.05,0.06,11524.4,4506.61
2026-01-02T19:08:29.324467-05:00,0.95,0.96,4926.5,11585.05,0.04,0.05,11585.05,4926.5
2026-01-02T19:08:30.355696-05:00,0.95,0.96,4887.85,11556.32,0.04,0.05,11556.32,4887.85
2026-01-02T19:08:31.354674-05:00,0.95,0.96,4889.07,11514.1,0.04,0.05,11514.1,4889.07
2026-01-02T19:08:32.354690-05:00,0.95,0.96,4929.07,11439.68,0.04,0.05,11439.68,4929.07
2026-01-02T19:08:33.357065-05:00,0.96,0.97,4858.76,11341.71,0.03,0.04,11341.71,4858.76
2026-01-02T19:08:34.360579-05:00,0.96,0.97,4462.61,11290.05,0.03,0.04,11290.05,4462.61
2026-01-02T19:08:35.361511-05:00,0.96,0.97,4691.61,11244.01,0.03,0.04,11244.01,4691.61
2026-01-02T19:08:36.387102-05:00,0.96,0.97,4691.61,11244.01,0.03,0.04,11244.01,4691.61
2026-01-02T19:08:37.389429-05:00,0.95,0.97,5299.26,11244.01,0.03,0.05,11244.01,5299.26
2026-01-02T19:08:38.457754-05:00,0.96,0.97,4947.63,11269.35,0.03,0.04,11269.35,4947.63
2026-01-02T19:08:39.452971-05:00,0.96,0.97,4968.63,11268.41,0.03,0.04,11268.41,4968.63
2026-01-02T19:08:40.470699-05:00,0.96,0.97,4968.63,11268.41,0.03,0.04,11268.41,4968.63
2026-01-02T19:08:41.511599-05:00,0.96,0.97,4968.63,11268.41,0.03,0.04,11268.41,4968.63
2026-01-02T19:08:42.513703-05:00,0.96,0.97,4968.63,11268.41,0.03,0.04,11268.41,4968.63
2026-01-02T19:08:43.630045-05:00,0.96,0.97,4968.63,11268.41,0.03,0.04,11268.41,4968.63
2026-01-02T19:08:44.752716-05:00,0.96,0.97,5841.71,11442.64,0.03,0.04,11442.64,5841.71
2026-01-02T19:08:45.789424-05:00,0.96,0.97,5861.71,10630.64,0.03,0.04,10630.64,5861.71
2026-01-02T19:08:46.804988-05:00,0.96,0.97,5591.71,10633.67,0.03,0.04,10633.67,5591.71
2026-01-02T19:08:47.926335-05:00,0.96,0.97,5474.71,10585.22,0.03,0.04,10585.22,5474.71
2026-01-02T19:08:49.079306-05:00,0.96,0.97,5474.71,10585.22,0.03,0.04,10585.22,5474.71
2026-01-02T19:08:50.201746-05:00,0.96,0.97,5871.81,10605.22,0.03,0.04,10605.22,5871.81
2026-01-02T19:08:51.228511-05:00,0.96,0.98,5891.81,10499.24,0.02,0.04,10499.24,5891.81
2026-01-02T19:08:52.225308-05:00,0.97,0.98,5733.61,11330.99,0.02,0.03,11330.99,5733.61
2026-01-02T19:08:53.257088-05:00,0.97,0.98,5791.63,11274.91,0.02,0.03,11274.91,5791.63
2026-01-02T19:08:54.407477-05:00,0.97,0.98,5880.32,11146.119999999999,0.02,0.03,11146.119999999999,5880.32
2026-01-02T19:08:55.433704-05:00,0.95,0.98,5903.57,11221.119999999999,0.02,0.05,11221.119999999999,5903.57
2026-01-02T19:08:56.748977-05:00,0.96,0.98,5521.77,10856.119999999999,0.02,0.04,10856.119999999999,5521.77
2026-01-02T19:08:57.758135-05:00,0.96,0.98,5521.77,10856.119999999999,0.02,0.04,10856.119999999999,5521.77
2026-01-02T19:08:58.760178-05:00,0.96,0.97,5600.36,10963.099999999999,0.03,0.04,10963.099999999999,5600.36
2026-01-02T19:08:59.937585-05:00,0.96,0.98,5747.36,10861.869999999999,0.02,0.04,10861.869999999999,5747.36
2026-01-02T19:09:00.935525-05:00,0.97,0.98,5803.35,10878.869999999999,0.02,0.03,10878.869999999999,5803.35
2026-01-02T19:09:02.020003-05:00,0.97,0.98,5475.01,10636.039999999999,0.02,0.03,10639.439999999999,5475.01
2026-01-02T19:09:03.048975-05:00,0.97,0.98,5661.97,10456.07,0.02,0.03,10456.07,5661.97
2026-01-02T19:09:04.191607-05:00,0.97,0.98,5731.68,10456.07,0.02,0.03,10456.07,5731.68
2026-01-02T19:09:05.359402-05:00,0.97,0.98,5664.68,10456.07,0.02,0.03,10456.07,5664.68
2026-01-02T19:09:06.367688-05:00,0.97,0.98,5501.22,10428.24,0.02,0.03,10428.24,5501.22
2026-01-02T19:09:07.510268-05:00,0.97,0.98,5533.22,10501.869999999999,0.02,0.03,10501.869999999999,5533.22
2026-01-02T19:09:08.587615-05:00,0.96,0.97,5215.47,11012.93,0.03,0.04,11012.93,5215.47
2026-01-02T19:09:09.585353-05:00,0.96,0.97,5221.47,11202.19,0.03,0.04,11202.19,5221.47
2026-01-02T19:09:10.619712-05:00,0.96,0.97,5293.47,11185.449999999999,0.03,0.04,11185.449999999999,5293.47
2026-01-02T19:09:11.710592-05:00,0.96,0.97,5293.47,11185.449999999999,0.03,0.04,11185.449999999999,5293.47
2026-01-02T19:09:12.756316-05:00,0.96,0.97,5293.47,11185.449999999999,0.03,0.04,11185.449999999999,5293.47
2026-01-02T19:09:13.745647-05:00,0.96,0.97,5293.47,11185.449999999999,0.03,0.04,11185.449999999999,5293.47
2026-01-02T19:09:14.769714-05:00,0.96,0.97,5293.47,11185.449999999999,0.03,0.04,11185.449999999999,5293.47
2026-01-02T19:09:15.860219-05:00,0.97,0.98,5399.79,10724.84,0.02,0.03,10724.84,5399.79
2026-01-02T19:09:16.898857-05:00,0.97,0.98,5399.79,10724.84,0.02,0.03,10724.84,5399.79
2026-01-02T19:09:18.013446-05:00,0.97,0.98,5399.79,10724.84,0.02,0.03,10724.84,5399.79
2026-01-02T19:09:19.202128-05:00,0.97,0.98,5399.79,10724.84,0.02,0.03,10724.84,5399.79
2026-01-02T19:09:20.273576-05:00,0.97,0.98,5453.37,10534.84,0.02,0.03,10534.84,5453.37
2026-01-02T19:09:21.337930-05:00,0.96,0.98,5844.5,10763.81,0.02,0.04,10763.81,5844.5
2026-01-02T19:09:22.323766-05:00,0.96,0.97,5653.67,11025.81,0.03,0.04,11025.81,5653.67
2026-01-02T19:09:23.325916-05:00,0.96,0.97,5653.67,11025.81,0.03,0.04,11025.81,5653.67
2026-01-02T19:09:24.449710-05:00,0.95,0.96,5247.97,11660.11,0.04,0.05,11660.11,5247.97
2026-01-02T19:09:25.462525-05:00,0.95,0.96,5247.97,11660.11,0.04,0.05,11660.11,5247.97
2026-01-02T19:09:26.656773-05:00,0.94,0.95,6301.57,11278.11,0.05,0.06,11278.11,6301.57
2026-01-02T19:09:27.713301-05:00,0.94,0.95,6301.57,11278.11,0.05,0.06,11278.11,6301.57
2026-01-02T19:09:28.746393-05:00,0.94,0.95,6301.57,11278.11,0.05,0.06,11278.11,6301.57
2026-01-02T19:09:29.912241-05:00,0.94,0.95,6458.16,11248.439999999999,0.05,0.06,11248.439999999999,6458.16
2026-01-02T19:09:30.906932-05:00,0.94,0.95,6524.96,11235.439999999999,0.05,0.06,11235.439999999999,6524.96
2026-01-02T19:09:32.024929-05:00,0.95,0.96,5791.67,11249.439999999999,0.04,0.05,11249.439999999999,5791.67
2026-01-02T19:09:33.180423-05:00,0.95,0.96,5791.67,11249.439999999999,0.04,0.05,11249.439999999999,5791.67
2026-01-02T19:09:34.169233-05:00,0.95,0.96,5791.67,11249.439999999999,0.04,0.05,11249.439999999999,5791.67
2026-01-02T19:09:35.357888-05:00,0.97,0.98,5920.92,10016.14,0.02,0.03,10016.14,5920.92
2026-01-02T19:09:36.392170-05:00,0.97,0.98,5920.92,10016.14,0.02,0.03,10016.14,5920.92
2026-01-02T19:09:37.492746-05:00,0.97,0.98,5920.92,10016.14,0.02,0.03,10016.14,5920.92
2026-01-02T19:09:38.606370-05:00,0.97,0.98,5388.47,10033.88,0.02,0.03,10033.88,5388.47
2026-01-02T19:09:39.638620-05:00,0.97,0.98,5538.47,9201.88,0.02,0.03,9201.88,5538.47
2026-01-02T19:09:40.667803-05:00,0.97,0.98,5517.45,9201.88,0.02,0.03,9201.88,5517.45
2026-01-02T19:09:41.669826-05:00,0.97,0.98,5517.45,9201.88,0.02,0.03,9201.88,5517.45
2026-01-02T19:09:42.683709-05:00,0.97,0.98,5385.45,9201.88,0.02,0.03,9201.88,5385.45
2026-01-02T19:09:43.728614-05:00,0.97,0.98,5385.45,9201.88,0.02,0.03,9201.88,5385.45
2026-01-02T19:09:44.735243-05:00,0.97,0.98,5385.45,9201.88,0.02,0.03,9201.88,5385.45
2026-01-02T19:09:45.975544-05:00,0.97,0.98,5873.45,9314.74,0.02,0.03,9314.74,5873.45
2026-01-02T19:09:47.064320-05:00,0.96,0.97,5518.56,9689.880000000001,0.03,0.04,9689.880000000001,5518.56
2026-01-02T19:09:48.064387-05:00,0.96,0.97,5987.360000000001,9852.17,0.03,0.04,9852.17,5987.360000000001
2026-01-02T19:09:49.082649-05:00,0.96,0.97,5563.26,9923.439999999999,0.03,0.04,9923.439999999999,5563.26
2026-01-02T19:09:50.224223-05:00,0.96,0.97,5558.26,9908.16,0.03,0.04,9908.16,5558.26
2026-01-02T19:09:51.246856-05:00,0.95,0.96,5942.26,9894.16,0.04,0.05,9894.16,5942.26
2026-01-02T19:09:52.251513-05:00,0.95,0.96,6185.26,9707.82,0.04,0.05,9707.82,6185.26
2026-01-02T19:09:53.307329-05:00,0.95,0.96,6185.26,9707.82,0.04,0.05,9707.82,6185.26
2026-01-02T19:09:55.719087-05:00,0.95,0.96,6185.26,9707.82,0.04,0.05,9707.82,6185.26
2026-01-02T19:09:56.715572-05:00,0.94,0.95,6333.81,10899.88,0.05,0.06,10899.88,6333.81
2026-01-02T19:09:59.513274-05:00,0.94,0.95,6298.81,10437.199999999999,0.05,0.06,10437.199999999999,6298.81
2026-01-02T19:10:00.573665-05:00,0.94,0.95,6175.81,10594.91,0.05,0.06,10594.91,6175.81
2026-01-02T19:10:01.579741-05:00,0.95,0.96,5629.56,10328.539999999999,0.04,0.05,10328.539999999999,5629.56
2026-01-02T19:10:02.582476-05:00,0.94,0.96,6521.0199999999995,9420.55,0.04,0.06,9420.55,6521.0199999999995
2026-01-02T19:10:03.580027-05:00,0.96,0.97,5457.15,9104.91,0.03,0.04,9104.91,5457.15
2026-01-02T19:10:04.577146-05:00,0.96,0.97,5685.15,9072.91,0.03,0.04,9072.91,5685.15
2026-01-02T19:10:05.610348-05:00,0.95,0.98,5762.01,9006.199999999999,0.02,0.05,9006.199999999999,5762.01
2026-01-02T19:10:06.699027-05:00,0.95,0.98,5680.01,8981.609999999999,0.02,0.05,8981.609999999999,5680.01
2026-01-02T19:10:07.705650-05:00,0.94,0.98,5832.87,8950.13,0.02,0.06,8950.13,5832.87
2026-01-02T19:10:08.703085-05:00,0.95,0.98,5002.0199999999995,8942.8,0.02,0.05,8942.8,5002.0199999999995
2026-01-02T19:10:09.705976-05:00,0.96,0.98,4627.0199999999995,10607.77,0.02,0.04,10607.77,4627.0199999999995
2026-01-02T19:10:10.711832-05:00,0.96,0.98,4657.0199999999995,10606.39,0.02,0.04,10606.39,4657.0199999999995
2026-01-02T19:10:11.727730-05:00,0.96,0.98,5228.02,10285.39,0.02,0.04,10285.39,5228.02
2026-01-02T19:10:12.730758-05:00,0.97,0.98,4721.54,10247.099999999999,0.02,0.03,10247.099999999999,4721.54
2026-01-02T19:10:13.758912-05:00,0.97,0.98,5019.54,10150.07,0.02,0.03,10150.07,5019.54
2026-01-02T19:10:14.774933-05:00,0.96,0.98,5565.43,10166.32,0.02,0.04,10166.32,5565.43
2026-01-02T19:10:15.870127-05:00,0.97,0.98,5263.36,9529.02,0.02,0.03,9529.02,5263.36
2026-01-02T19:10:17.348949-05:00,0.97,0.98,5609.36,9074.02,0.02,0.03,9074.02,5609.36
2026-01-02T19:10:18.548094-05:00,0.97,0.98,5504.36,13306.550000000001,0.02,0.03,13306.550000000001,5504.36
2026-01-02T19:10:19.620823-05:00,0.97,0.98,5534.72,13226.550000000001,0.02,0.03,13226.550000000001,5534.72
2026-01-02T19:10:20.627136-05:00,0.97,0.98,5590.02,12971.25,0.02,0.03,12971.25,5590.02
2026-01-02T19:10:21.751249-05:00,0.97,0.98,5533.72,11586.04,0.02,0.03,11586.04,5533.72
2026-01-02T19:10:23.096141-05:00,0.96,0.98,5982.22,11586.04,0.02,0.04,11586.04,5982.22
2026-01-02T19:10:24.093633-05:00,0.97,0.98,5625.72,11652.42,0.02,0.03,11652.42,5625.72
2026-01-02T19:10:25.128412-05:00,0.98,0.99,5063.74,11435.85,0.01,0.02,11435.85,5063.74
2026-01-02T19:10:26.265611-05:00,0.98,0.99,4930.29,11225.85,0.01,0.02,11225.85,4930.29
2026-01-02T19:10:27.333466-05:00,0.98,0.99,4930.29,11225.85,0.01,0.02,11225.85,4930.29
2026-01-02T19:10:28.520078-05:00,0.98,0.99,4930.29,11225.85,0.01,0.02,11225.85,4930.29
2026-01-02T19:10:29.698071-05:00,0.98,0.99,5560.67,11159.85,0.01,0.02,11159.85,5560.67
2026-01-02T19:10:30.795737-05:00,0.98,0.99,5515.74,11127.85,0.01,0.02,11127.85,5515.74
2026-01-02T19:10:31.904560-05:00,0.98,0.99,5515.74,11127.85,0.01,0.02,11127.85,5515.74
2026-01-02T19:10:32.999296-05:00,0.98,0.99,5575.74,10459.34,0.01,0.02,10459.34,5575.74
2026-01-02T19:10:34.054632-05:00,0.98,0.99,5575.74,10459.34,0.01,0.02,10459.34,5575.74
2026-01-02T19:10:35.052361-05:00,0.98,0.99,5545.44,10434.32,0.01,0.02,10434.32,5545.44
2026-01-02T19:10:36.152562-05:00,0.98,0.99,5545.44,10434.32,0.01,0.02,10434.32,5545.44
2026-01-02T19:10:37.465548-05:00,0.98,0.99,5545.44,10434.32,0.01,0.02,10434.32,5545.44
2026-01-02T19:10:38.530943-05:00,0.98,0.99,5595.54,10264.53,0.01,0.02,10264.53,5595.54
2026-01-02T19:10:39.533604-05:00,0.98,0.99,4247.44,10085.37,0.01,0.02,10085.37,4247.44
2026-01-02T19:10:40.537402-05:00,0.98,0.99,4266.27,9904.18,0.01,0.02,9904.18,4266.27
2026-01-02T19:10:41.734471-05:00,0.98,0.99,4505.27,9901.12,0.01,0.02,9901.12,4505.27
2026-01-02T19:10:42.749648-05:00,0.98,0.99,4505.27,9896.92,0.01,0.02,9896.92,4505.27
2026-01-02T19:10:43.813038-05:00,0.98,0.99,4505.27,9896.92,0.01,0.02,9896.92,4505.27
2026-01-02T19:10:44.919226-05:00,0.98,0.99,4505.27,9896.92,0.01,0.02,9896.92,4505.27
2026-01-02T19:10:46.282487-05:00,0.98,0.99,4505.27,9896.92,0.01,0.02,9896.92,4505.27
2026-01-02T19:10:47.327016-05:00,0.98,0.99,4505.27,9896.92,0.01,0.02,9896.92,4505.27
2026-01-02T19:10:48.331057-05:00,0.98,0.99,5445.9,7992.87,0.01,0.02,7992.87,5445.9
2026-01-02T19:10:50.290283-05:00,0.98,0.99,5445.9,7992.87,0.01,0.02,7992.87,5445.9
2026-01-02T19:10:51.356495-05:00,0.98,0.99,5525.99,7921.87,0.01,0.02,7921.87,5525.99
2026-01-02T19:10:52.386629-05:00,0.98,0.99,6342.99,7916.87,0.01,0.02,7916.87,6342.99
2026-01-02T19:10:53.455461-05:00,0.98,0.99,6342.99,7916.87,0.01,0.02,7916.87,6342.99
2026-01-02T19:10:54.858987-05:00,0.98,0.99,6427.99,7931.87,0.01,0.02,7931.87,6427.99
2026-01-02T19:10:55.855069-05:00,0.98,0.99,6568.99,7401.81,0.01,0.02,7401.81,6568.99
2026-01-02T19:10:57.044730-05:00,0.98,0.99,6531.29,7401.81,0.01,0.02,7401.81,6531.29
2026-01-02T19:10:58.314914-05:00,0.98,0.99,6551.29,7279.24,0.01,0.02,7279.24,6551.29
2026-01-02T19:10:59.329020-05:00,0.98,0.99,5981.29,7191.24,0.01,0.02,7191.24,5981.29
2026-01-02T19:11:00.349165-05:00,0.98,0.99,5981.29,7191.24,0.01,0.02,7191.24,5981.29
2026-01-02T19:11:01.555346-05:00,0.98,0.99,6121.29,7171.24,0.01,0.02,7171.24,6121.29
2026-01-02T19:11:02.625680-05:00,0.98,0.99,6152.2,6865.02,0.01,0.02,6865.02,6152.2
2026-01-02T19:11:03.678717-05:00,0.98,0.99,6073.8099999999995,5252.83,0.01,0.02,5252.83,6073.8099999999995
2026-01-02T19:11:04.717929-05:00,0.98,0.99,6173.2,4737.77,0.01,0.02,4737.77,6173.2
2026-01-02T19:11:05.902100-05:00,0.98,0.99,6183.2,4660.22,0.01,0.02,4660.22,6183.2
2026-01-02T19:11:07.280802-05:00,0.98,0.99,6183.2,4660.22,0.01,0.02,4660.22,6183.2
2026-01-02T19:11:08.558702-05:00,0.98,0.99,6391.38,4555.22,0.01,0.02,4555.22,6391.38
2026-01-02T19:11:09.626747-05:00,0.98,0.99,6339.92,4545.52,0.01,0.02,4545.52,6339.92
2026-01-02T19:11:10.633383-05:00,0.98,0.99,6299.009999999999,4457.52,0.01,0.02,4457.52,6299.009999999999
2026-01-02T19:11:11.737275-05:00,0.98,0.99,6320.59,4291.52,0.01,0.02,4291.52,6320.59
2026-01-02T19:11:12.763828-05:00,0.98,0.99,6377.59,3584.44,0.01,0.02,3584.44,6377.59
2026-01-02T19:11:13.765837-05:00,0.98,0.99,6377.59,3584.44,0.01,0.02,3584.44,6377.59
2026-01-02T19:11:15.374705-05:00,0.98,0.99,6377.59,3584.44,0.01,0.02,3584.44,6377.59
2026-01-02T19:11:16.402989-05:00,0.98,0.99,6488.09,3589.44,0.01,0.02,3589.44,6488.09
2026-01-02T19:11:17.878672-05:00,0.98,0.99,6488.09,3589.44,0.01,0.02,3589.44,6488.09
2026-01-02T19:11:19.068671-05:00,0.98,0.99,6488.09,3589.44,0.01,0.02,3589.44,6488.09
2026-01-02T19:11:20.131572-05:00,0.98,0.99,6629.73,3589.44,0.01,0.02,3589.44,6629.73
2026-01-02T19:11:21.239234-05:00,0.98,0.99,6525.73,3501.44,0.01,0.02,3501.44,6525.73
2026-01-02T19:11:22.299286-05:00,0.98,0.99,6644.73,3691.22,0.01,0.02,3691.22,6644.73
2026-01-02T19:11:23.507160-05:00,0.98,0.99,6654.73,1992.17,0.01,0.02,1992.17,6654.73
2026-01-02T19:11:24.571786-05:00,0.98,0.99,6560.73,546.99,0.01,0.02,546.99,6560.73
2026-01-02T19:11:25.674605-05:00,0.98,0.99,6560.73,546.99,0.01,0.02,546.99,6560.73
2026-01-02T19:11:26.674242-05:00,0.98,0.99,5505.21,434.96,0.01,0.02,434.96,5505.21
2026-01-02T19:11:27.800527-05:00,0.98,0.99,5505.21,434.96,0.01,0.02,434.96,5505.21
2026-01-02T19:11:28.839432-05:00,0.99,,5725.7699999999995,0,,0.01,0,5725.7699999999995
2026-01-02T19:11:29.952725-05:00,0.99,,5809.25,0,,0.01,0,5809.25
2026-01-02T19:11:31.469507-05:00,0.99,,5460.25,0,,0.01,0,5460.25
2026-01-02T19:11:32.467528-05:00,0.99,,5197.75,0,,0.01,0,5460.25
2026-01-02T19:11:33.468724-05:00,0.99,,5087.75,0,,0.01,0,5087.75
2026-01-02T19:11:34.685075-05:00,0.99,,5000.25,0,,0.01,0,5000.25
2026-01-02T19:11:36.082432-05:00,0.99,,5000.25,0,,0.01,0,5000.25
2026-01-02T19:11:37.133631-05:00,0.995,0.996,4075.15,534.99,0.004,0.005,534.99,4075.15
2026-01-02T19:11:38.120991-05:00,0.99,0.996,4837.25,534.99,0.004,0.01,534.99,4837.25
2026-01-02T19:11:39.214410-05:00,0.994,0.995,3929.15,534.99,0.005,0.006,534.99,3929.15
2026-01-02T19:11:40.441304-05:00,0.99,0.995,4777.25,534.99,0.005,0.01,534.99,4777.25
2026-01-02T19:11:41.616094-05:00,0.99,0.995,4771.9,534.99,0.005,0.01,534.99,4771.9
2026-01-02T19:11:42.682563-05:00,0.994,0.995,3969.22,531.53,0.005,0.006,531.53,3969.22
2026-01-02T19:11:44.063807-05:00,0.994,0.995,3967.13,531.53,0.005,0.006,531.53,3967.13
2026-01-02T19:11:45.432510-05:00,0.994,0.995,3967.13,531.53,0.005,0.006,531.53,3967.13
2026-01-02T19:11:46.453809-05:00,0.99,0.995,4813.23,551.53,0.005,0.01,551.53,4813.23
2026-01-02T19:11:47.607197-05:00,0.99,0.996,4842.94,554.99,0.004,0.01,554.99,4842.94
2026-01-02T19:11:48.775559-05:00,0.99,0.996,4842.94,554.99,0.004,0.01,554.99,4842.94
2026-01-02T19:11:49.937339-05:00,0.99,0.996,4842.94,554.99,0.004,0.01,554.99,4842.94
2026-01-02T19:11:51.513821-05:00,0.98,0.99,4466.81,683.46,0.01,0.02,683.46,4466.81
2026-01-02T19:11:53.066602-05:00,0.98,0.99,4579.81,733.46,0.01,0.02,733.46,4579.81
2026-01-02T19:11:54.143540-05:00,0.98,0.99,4579.81,733.46,0.01,0.02,733.46,4579.81
2026-01-02T19:11:55.182495-05:00,0.98,0.99,4563.71,722.44,0.01,0.02,823.46,4558.71
2026-01-02T19:11:56.905026-05:00,0.98,0.99,4563.71,712.44,0.01,0.02,712.44,4563.71
2026-01-02T19:11:58.029537-05:00,0.98,0.99,4563.71,712.44,0.01,0.02,712.44,4563.71
2026-01-02T19:11:59.070879-05:00,0.98,0.99,4617.71,702.33,0.01,0.02,702.33,4617.71
2026-01-02T19:12:00.064707-05:00,0.98,0.99,4612.71,692.22,0.01,0.02,692.22,4612.71
2026-01-02T19:12:01.071441-05:00,0.98,0.99,4648.21,641.81,0.01,0.02,641.81,4648.21
2026-01-02T19:12:02.061714-05:00,0.98,0.99,4445.36,589.53,0.01,0.02,589.53,4445.36
2026-01-02T19:12:03.072805-05:00,0.99,0.996,4395.67,574.99,0.004,0.01,574.99,4395.67
2026-01-02T19:12:04.073325-05:00,0.99,0.999,4425.97,514.99,0.001,0.01,514.99,4425.97
2026-01-02T19:12:05.141044-05:00,0.996,0.997,3601.61,527.96,0.003,0.004,527.96,3601.61
2026-01-02T19:12:06.317784-05:00,0.996,0.997,3601.61,517.9300000000001,0.003,0.004,517.9300000000001,3601.61
2026-01-02T19:12:07.400419-05:00,0.996,0.997,3601.61,517.9300000000001,0.003,0.004,517.9300000000001,3601.61
2026-01-02T19:12:08.422896-05:00,0.98,0.997,3601.7,517.9300000000001,0.003,0.02,517.9300000000001,3601.7
2026-01-02T19:12:10.476297-05:00,0.98,0.997,3601.7,517.9300000000001,0.003,0.02,517.9300000000001,3601.7
2026-01-02T19:12:11.792339-05:00,0.98,0.997,3601.7,517.9300000000001,0.003,0.02,517.9300000000001,3601.7
2026-01-02T19:12:13.429792-05:00,0.98,0.997,3601.7,517.9300000000001,0.003,0.02,517.9300000000001,3601.7
2026-01-02T19:12:15.068907-05:00,0.98,0.997,3601.7,517.9300000000001,0.003,0.02,517.9300000000001,3601.7
2026-01-02T19:12:16.664215-05:00,0.98,0.997,3601.7,517.9300000000001,0.003,0.02,517.9300000000001,3601.7
2026-01-02T19:12:18.097741-05:00,0.98,0.997,3601.7,517.9300000000001,0.003,0.02,517.9300000000001,3601.7
2026-01-02T19:12:19.259635-05:00,0.98,0.997,3601.7,517.9300000000001,0.003,0.02,517.9300000000001,3601.7
2026-01-02T19:12:20.320551-05:00,0.99,0.998,3514.77,534.99,0.002,0.01,534.99,3514.77
2026-01-02T19:12:21.842738-05:00,0.99,0.998,3514.77,534.99,0.002,0.01,534.99,3514.77
2026-01-02T19:12:22.906605-05:00,0.99,0.998,3514.77,534.99,0.002,0.01,534.99,3514.77
2026-01-02T19:12:23.916023-05:00,0.99,0.998,3514.77,534.99,0.002,0.01,534.99,3514.77
2026-01-02T19:12:24.930690-05:00,0.99,0.998,3514.77,534.99,0.002,0.01,534.99,3514.77
2026-01-02T19:12:26.039292-05:00,0.99,0.998,3514.77,534.99,0.002,0.01,534.99,3514.77
2026-01-02T19:12:27.077052-05:00,0.99,0.998,3514.77,534.99,0.002,0.01,534.99,3514.77
2026-01-02T19:12:28.085859-05:00,0.99,0.999,4931.45,534.99,0.001,0.01,534.99,4931.45
2026-01-02T19:12:29.306142-05:00,0.99,0.999,4931.45,534.99,0.001,0.01,534.99,4931.45
2026-01-02T19:12:30.299958-05:00,0.99,0.999,5681.45,524.99,0.001,0.01,524.99,5681.45
2026-01-02T19:12:31.313065-05:00,0.99,0.999,5681.45,524.99,0.001,0.01,524.99,5681.45
2026-01-02T19:12:32.390606-05:00,0.99,0.999,5736.45,524.99,0.001,0.01,524.99,5736.45
2026-01-02T19:12:33.615742-05:00,0.99,0.999,5736.45,524.99,0.001,0.01,524.99,5736.45
2026-01-02T19:12:34.640106-05:00,0.99,0.999,5736.45,524.99,0.001,0.01,524.99,5736.45
2026-01-02T19:12:35.740473-05:00,0.99,0.999,5736.45,524.99,0.001,0.01,524.99,5736.45
2026-01-02T19:12:36.744022-05:00,0.99,0.999,5736.45,524.99,0.001,0.01,524.99,5736.45
2026-01-02T19:12:37.856895-05:00,0.99,0.999,5736.45,524.99,0.001,0.01,524.99,5736.45
2026-01-02T19:12:39.080136-05:00,0.99,0.999,5911.0199999999995,524.99,0.001,0.01,524.99,5911.0199999999995
2026-01-02T19:12:40.074617-05:00,0.99,0.999,5911.0199999999995,524.99,0.001,0.01,524.99,5911.0199999999995
2026-01-02T19:12:41.078120-05:00,0.99,0.999,5911.0199999999995,524.99,0.001,0.01,524.99,5911.0199999999995
2026-01-02T19:12:42.188609-05:00,0.99,0.999,6969.97,524.99,0.001,0.01,524.99,6969.97
2026-01-02T19:12:43.311003-05:00,0.99,0.999,6969.97,524.99,0.001,0.01,524.99,6969.97
2026-01-02T19:12:44.339489-05:00,0.99,0.999,6969.97,524.99,0.001,0.01,524.99,6969.97
2026-01-02T19:12:45.377048-05:00,0.99,0.999,6969.97,524.99,0.001,0.01,524.99,6969.97
2026-01-02T19:12:46.556138-05:00,0.99,0.999,5775.86,504.99,0.001,0.01,504.99,5775.86
2026-01-02T19:12:47.703490-05:00,0.99,0.999,5775.86,504.99,0.001,0.01,504.99,5775.86
2026-01-02T19:12:48.698098-05:00,0.99,0.999,5775.86,504.99,0.001,0.01,504.99,5775.86
2026-01-02T19:12:50.194932-05:00,0.99,0.999,5775.86,504.99,0.001,0.01,504.99,5775.86
2026-01-02T19:12:51.216634-05:00,0.99,0.999,5893.49,504.99,0.001,0.01,504.99,5893.49
2026-01-02T19:12:52.680799-05:00,0.99,0.999,5893.49,504.99,0.001,0.01,504.99,5893.49
2026-01-02T19:12:54.047412-05:00,0.99,0.999,5893.49,504.99,0.001,0.01,504.99,5893.49
2026-01-02T19:12:55.830823-05:00,0.994,0.999,6273.45,504.99,0.001,0.006,504.99,6273.45
2026-01-02T19:12:57.958156-05:00,0.994,0.999,6273.45,504.99,0.001,0.006,504.99,6273.45
2026-01-02T19:12:59.661587-05:00,0.994,0.999,6273.45,504.99,0.001,0.006,504.99,6273.45
2026-01-02T19:13:01.287043-05:00,0.994,0.999,6273.45,504.99,0.001,0.006,504.99,6273.45
2026-01-02T19:13:02.282608-05:00,0.994,0.999,6273.45,489.97,0.001,0.006,489.97,6273.45
2026-01-02T19:13:03.480509-05:00,0.991,0.999,6190.53,439.97,0.001,0.009,439.97,6190.53
2026-01-02T19:13:04.615647-05:00,0.991,0.999,6190.53,439.97,0.001,0.009,439.97,6190.53
2026-01-02T19:13:06.339308-05:00,0.991,0.999,6190.53,439.97,0.001,0.009,439.97,6190.53
2026-01-02T19:13:07.595548-05:00,0.991,0.999,6304.53,339.97,0.001,0.009,339.97,6304.53
2026-01-02T19:13:09.517120-05:00,0.991,0.999,6304.53,339.97,0.001,0.009,339.97,6304.53
2026-01-02T19:13:11.588206-05:00,0.991,0.999,6304.53,339.97,0.001,0.009,339.97,6304.53
2026-01-02T19:13:12.579173-05:00,0.991,0.999,6151.349999999999,334.97,0.001,0.009,334.97,6151.349999999999
2026-01-02T19:13:13.715662-05:00,0.991,0.999,6151.349999999999,334.97,0.001,0.009,334.97,6151.349999999999
2026-01-02T19:13:14.718837-05:00,0.991,0.999,6151.349999999999,334.97,0.001,0.009,334.97,6151.349999999999
2026-01-02T19:13:15.769940-05:00,0.991,0.999,6151.349999999999,334.97,0.001,0.009,334.97,6151.349999999999
2026-01-02T19:13:16.773252-05:00,0.991,0.997,4964.7,349.96000000000004,0.003,0.009,349.96000000000004,4964.7
2026-01-02T19:13:17.922233-05:00,0.99,0.992,4430.09,354.97,0.008,0.01,354.97,4430.09
2026-01-02T19:13:19.000063-05:00,0.99,0.991,3547.25,354.97,0.009,0.01,354.97,3547.25
2026-01-02T19:13:20.034965-05:00,0.99,0.991,3547.25,354.97,0.009,0.01,354.97,3547.25
2026-01-02T19:13:21.026669-05:00,0.999,,2942.94,0,,0.01,0,3743.05
2026-01-02T19:13:22.055760-05:00,0.989,0.99,3466.96,260.99,0.01,0.011,260.99,3466.96
2026-01-02T19:13:23.045453-05:00,0.98,0.991,3639.56,20.0,0.009,0.02,20.0,3639.56
2026-01-02T19:13:24.228018-05:00,0.98,0.991,3639.56,20.0,0.009,0.02,20.0,3639.56
2026-01-02T19:13:25.246872-05:00,0.99,0.991,3525.64,20.0,0.009,0.01,20.0,3525.64
2026-01-02T19:13:26.767965-05:00,0.991,0.992,2553.71,20.0,0.008,0.009,20.0,2553.71
2026-01-02T19:13:27.912419-05:00,0.99,0.992,3437.64,20.0,0.008,0.01,20.0,3437.64
2026-01-02T19:13:28.902490-05:00,0.98,0.99,3527.94,63.02,0.01,0.02,82.41,3542.94
2026-01-02T19:13:29.944842-05:00,0.98,0.99,3608.94,267.85,0.01,0.02,267.85,3608.94
2026-01-02T19:13:30.954491-05:00,0.98,0.99,3641.94,171.24,0.01,0.02,171.24,3641.94
2026-01-02T19:13:31.961468-05:00,0.98,0.99,3664.95,100.74,0.01,0.02,100.74,3664.95
2026-01-02T19:13:33.001044-05:00,0.98,0.985,3201.15,337.51,0.015,0.02,337.51,3201.15
2026-01-02T19:13:33.995599-05:00,0.98,0.99,3183.15,261.44,0.01,0.02,261.44,3183.15
2026-01-02T19:13:34.996662-05:00,0.984,0.99,2430.18,20.31,0.01,0.016,20.31,2430.18
2026-01-02T19:13:36.512760-05:00,0.99,0.991,2529.19,20.0,0.009,0.01,20.0,2529.19
2026-01-02T19:13:37.527017-05:00,0.99,0.991,2523.19,20.0,0.009,0.01,20.0,2523.19
2026-01-02T19:13:38.757169-05:00,0.987,0.991,2353.31,12.94,0.009,0.013,12.94,2353.31
2026-01-02T19:13:39.784354-05:00,0.987,0.991,2353.31,12.94,0.009,0.013,12.94,2353.31
2026-01-02T19:13:40.838113-05:00,0.987,0.988,2348.31,13.92,0.012,0.013,13.92,2348.31
2026-01-02T19:13:41.864961-05:00,0.985,0.99,3251.59,574.0,0.01,0.015,574.0,3251.59
2026-01-02T19:13:42.914424-05:00,0.98,0.99,3382.03,544.0,0.01,0.02,544.0,3382.03
2026-01-02T19:13:44.196764-05:00,0.98,0.99,3168.25,450.55,0.01,0.02,450.55,3168.25
2026-01-02T19:13:45.238851-05:00,0.98,0.99,3194.27,425.22,0.01,0.02,425.22,3194.27
2026-01-02T19:13:46.412490-05:00,0.98,0.99,3229.27,495.39,0.01,0.02,495.39,3229.27
2026-01-02T19:13:47.404169-05:00,0.98,0.99,3229.27,192.02,0.01,0.02,192.02,3229.27
2026-01-02T19:13:48.603575-05:00,0.98,0.984,3124.16,215.20000000000002,0.016,0.02,215.20000000000002,3124.16
2026-01-02T19:13:49.729587-05:00,0.98,0.984,3022.22,225.20000000000002,0.016,0.02,225.20000000000002,3022.22
2026-01-02T19:13:50.930845-05:00,0.98,0.99,3022.22,91.37,0.01,0.02,91.37,3022.22
2026-01-02T19:13:51.966587-05:00,0.99,,2232.16,0,,0.01,0,2232.16
2026-01-02T19:13:52.994443-05:00,0.982,0.984,2347.46,65.37,0.016,0.018,65.37,2347.46
2026-01-02T19:13:54.031009-05:00,0.99,0.991,2191.98,20.0,0.009,0.01,20.0,2191.98
2026-01-02T19:13:55.305383-05:00,0.99,0.991,2191.98,20.0,0.009,0.01,20.0,2191.98
2026-01-02T19:13:56.487830-05:00,0.99,0.991,2306.64,110.0,0.009,0.01,110.0,2306.64
2026-01-02T19:13:57.557554-05:00,0.99,0.991,2306.64,110.0,0.009,0.01,110.0,2306.64
2026-01-02T19:13:58.682953-05:00,0.98,0.983,3268.75,602.18,0.017,0.02,602.18,3268.75
2026-01-02T19:13:59.682241-05:00,0.98,0.983,3305.71,571.3,0.017,0.02,592.3199999999999,3305.71
2026-01-02T19:14:00.723122-05:00,0.98,0.983,3195.71,568.27,0.017,0.02,568.27,3195.71
2026-01-02T19:14:01.970990-05:00,0.98,,3137.7999999999997,0,,0.02,0,3137.7999999999997
2026-01-02T19:14:03.067224-05:00,0.98,,3137.7999999999997,0,,0.02,0,3137.7999999999997
2026-01-02T19:14:04.070049-05:00,0.99,,2246.13,0,,0.01,0,2246.13
2026-01-02T19:14:05.299016-05:00,0.99,,2214.13,0,,0.01,0,2214.13
2026-01-02T19:14:06.297548-05:00,0.98,0.99,2995.84,65.51,0.01,0.02,135.51,2995.84
2026-01-02T19:14:07.547337-05:00,0.99,,2493.4,0,,0.01,0,2493.4
2026-01-02T19:14:08.936883-05:00,0.99,,2493.4,0,,0.01,0,2493.4
2026-01-02T19:14:09.937836-05:00,0.99,,2493.4,0,,0.01,0,2493.4
2026-01-02T19:14:11.187875-05:00,0.99,0.994,2712.65,20.0,0.006,0.01,20.0,2712.65
2026-01-02T19:14:12.654932-05:00,0.99,0.995,2727.34,14.97,0.005,0.01,14.97,2727.34
2026-01-02T19:14:13.722324-05:00,0.99,0.995,2727.34,14.97,0.005,0.01,14.97,2727.34
2026-01-02T19:14:14.804885-05:00,0.99,0.997,2734.15,20.0,0.003,0.01,20.0,2734.15
2026-01-02T19:14:16.099877-05:00,0.996,0.997,2622.34,20.0,0.003,0.004,20.0,2622.34
2026-01-02T19:14:17.123945-05:00,0.98,0.99,3081.74,1118.83,0.01,0.02,1118.83,3081.74
2026-01-02T19:14:18.141405-05:00,0.989,0.99,2280.5099999999998,948.24,0.01,0.011,948.24,2280.5099999999998
2026-01-02T19:14:19.169049-05:00,0.989,0.99,2312.5099999999998,820.83,0.01,0.011,820.83,2312.5099999999998
2026-01-02T19:14:20.289225-05:00,0.989,0.99,2312.5099999999998,752.25,0.01,0.011,752.25,2312.5099999999998
2026-01-02T19:14:21.311276-05:00,0.989,0.99,2317.5099999999998,725.19,0.01,0.011,725.19,2317.5099999999998
2026-01-02T19:14:22.318698-05:00,0.989,0.99,2243.5099999999998,588.15,0.01,0.011,588.15,2243.5099999999998
2026-01-02T19:14:23.338516-05:00,0.989,0.99,2510.63,560.94,0.01,0.011,560.94,2510.63
2026-01-02T19:14:24.462259-05:00,0.989,0.99,2572.0299999999997,545.88,0.01,0.011,545.88,2572.0299999999997
2026-01-02T19:14:25.541762-05:00,0.989,0.99,2614.21,432.55,0.01,0.011,432.55,2614.21
2026-01-02T19:14:27.012960-05:00,0.989,0.99,2614.21,376.3,0.01,0.011,376.3,2614.21
2026-01-02T19:14:28.046817-05:00,0.989,0.99,2587.35,116.99,0.01,0.011,116.99,2587.35
2026-01-02T19:14:29.728786-05:00,0.989,0.99,2587.35,15.97,0.01,0.011,15.97,2587.35
2026-01-02T19:14:30.802951-05:00,0.99,,2567.38,0,,0.01,0,2567.38
2026-01-02T19:14:31.792448-05:00,0.99,,2567.38,0,,0.01,0,2567.38
2026-01-02T19:14:33.068651-05:00,0.99,,2567.38,0,,0.01,0,2567.38
2026-01-02T19:14:34.363916-05:00,0.99,,2567.38,0,,0.01,0,2567.38
2026-01-02T19:14:35.452380-05:00,0.99,,2567.38,0,,0.01,0,2567.38
2026-01-02T19:14:36.828880-05:00,0.99,,2567.38,0,,0.01,0,2567.38
2026-01-02T19:14:37.912794-05:00,0.99,,2567.38,0,,0.01,0,2567.38
2026-01-02T19:14:38.929810-05:00,0.99,,2567.38,0,,0.01,0,2567.38
2026-01-02T19:14:39.917198-05:00,0.99,,7698.33,0,,0.01,0,7698.33
2026-01-02T19:14:41.128689-05:00,0.99,,7698.33,0,,0.01,0,7698.33
2026-01-02T19:14:42.186535-05:00,0.99,,7698.33,0,,0.01,0,7698.33
2026-01-02T19:14:43.561004-05:00,0.99,,7698.33,0,,0.01,0,7698.33
2026-01-02T19:14:44.860050-05:00,0.99,,8694.19,0,,0.01,0,8694.19
2026-01-02T19:14:46.410955-05:00,0.99,,8694.19,0,,0.01,0,8694.19
2026-01-02T19:14:48.403009-05:00,0.99,,8694.19,0,,0.01,0,8694.19
2026-01-02T19:14:49.410571-05:00,0.99,,8694.19,0,,0.01,0,8694.19
2026-01-02T19:14:50.570814-05:00,0.99,,8694.19,0,,0.01,0,8694.19
2026-01-02T19:14:51.732200-05:00,0.99,,8694.19,0,,0.01,0,8694.19
2026-01-02T19:14:52.897130-05:00,0.999,,31150.84,0,,0.001,0,31150.84
2026-01-02T19:14:54.014687-05:00,0.999,,33652.79,0,,0.001,0,33652.79
2026-01-02T19:14:55.070365-05:00,0.999,,33652.79,0,,0.001,0,33652.79
2026-01-02T19:14:56.071949-05:00,0.999,,33652.79,0,,0.001,0,33652.79
2026-01-02T19:14:58.228602-05:00,0.999,,33652.79,0,,0.001,0,33652.79
2026-01-02T19:14:59.438085-05:00,0.999,,36073.53,0,,0.001,0,36073.53
